3000 5040
270 360 337 427 544
623 376 731 426 noun
756 378 957 428 vsnronuu
982 381 1021 429 ru

269 519 368 571 dirimo
386 519 486 582 Servio,
505 519 619 569 ultimum
640 519 744 568 literam
756 518 801 568 sb·
839 520 925 570 Coler.
950 522 1033 572 Recte
1054 523 1144 588 otique
1163 529 1249 590 ml),
1271 525 1297 574 id
1324 533 1373 586 est,

267 595 381 661 jiciendo
400 595 538 658 legendum
559 595 603 657 sit,
621 597 703 644 iollere
724 601 802 657 renio,
839 597 933 660 ungor
953 600 1021 646 enim
1042 599 1171 664 hodieque
1192 601 1371 651 Orientalibus

269 671 338 737 qood
356 671 447 720 mirum
458 686 535 735 quam
547 673 579 720 nd
594 671 744 720 Sallustium
764 670 801 720 is·
838 671 1023 722 hobitstiooem
1052 673 1175 723 denotat:
1205 682 1290 738 utque
1309 676 1369 727 hinc

268 749 313 808 cit,
332 748 399 811 quod
419 749 487 797 enirn
505 748 547 796 lric
566 749 637 796 More
655 752 803 808 magnumst
839 749 948 798 Plootus
971 750 996 798 iu
1020 751 1137 813 Poeuulo,
1160 752 1272 813 Megaris
1296 753 1373 803 dixit.

267 824 351 873 scrire
369 825 447 873 uentis
467 832 552 886 voest,
570 825 614 874 ille
636 826 717 874 tollere
734 830 802 873 renio
840 825 915 875 Boel.

268 901 341 952 dicit.
377 903 512 952 Patulus.
873 900 1092 962 Oblongoinertrois
1100 904 1372 969 deminutumque

300 979 339 1028 Hi
357 979 483 1042 paullatim
497 995 543 1044 per
561 980 675 1029 mnsls'o
696 981 802 1028 Goeislm
837 976 932 1025 nonium
943 978 1031 1027 corinoe
1040 979 1106 1042 suni]
1122 979 1267 1044 Aliopncto
1279 983 1371 1032 distin-

266 1053 446 1119 n'lirniseuere]
463 1056 737 1120 Msnuscripta,seesrs
747 1054 801 1103 nnis·
839 1052 967 1118 goeodum
990 1055 1118 1116 existimo,
1141 1063 1170 1104 ot
1192 1056 1242 1105 sit:
1270 1057 1371 1120 oblongo

267 1147 344 1194 esne,
371 1147 418 1196 pro
446 1133 585 1192 mninnxere
610 1131 672 1180 ridi.-
696 1129 801 1179 sddtrur
838 1130 917 1178 curris
943 1131 1073 1188 luteribus:
1099 1136 1161 1180 leeln
1188 1132 1254 1195 quusi
1275 1134 1371 1182 nerium

268 1208 336 1257 enlm
354 1208 413 1257 hoio
434 1207 512 1256 verbo
531 1207 660 1257 interdurn
679 1207 725 1255 ills
739 1206 800 1254 Crem
837 1205 924 1256 carino
931 1207 995 1256 sunl.
1019 1208 1140 1256 Ceterum
1152 1208 1219 1256 Ceto
1235 1209 1371 1271 ‘Mopslis

268 1283 418 1347 praepositlo
440 1298 498 1332 com
520 1297 567 1331 suo
588 1296 659 1332 casu.
700 1281 801 1343 Cicero,
837 1286 946 1334 roruuds
959 1283 1248 1333 seluticohortesesse'
1261 1285 1314 1334 sit:
1342 1293 1370 1335 et

268 1359 361 1408 ‘Cum
388 1358 480 1423 quibus
509 1366 628 1422 tunquam
657 1371 799 1421 purpuram
838 1361 981 1411 Hieromin
1001 1360 1110 1426 prologo
1127 1359 1216 1421 Amos,
1232 1361 1369 1423 ‘agrestes

268 1437 370 1487 misceri
382 1435 517 1499 oporteat!
535 1435 608 1485 Idem
629 1435 799 1485 ‘Parentalia
837 1437 939 1501 quidem
957 1451 1035 1497 com,
1055 1441 1083 1485 et
1104 1435 1236 1484 furnorum
1263 1437 1367 1499 similos,

268 1508 692 1574 comsupplicationibusmisceri!
711 1510 798 1559 Livius
836 1527 900 1576 quus
912 1511 1258 1575 AirisppellsutMapalia.'
1289 1511 1369 1561 Cioec.

267 1589 382 1637 dntirom
401 1599 439 1635 tx.
458 1585 517 1635 dec.
529 1601 568 1636 ιν.
591 1587 674 1636 ‘cum
695 1586 798 1635 concilii
870 1588 979 1638 lnesrois
990 1589 1112 1648 lateribus,
1122 1593 1184 1636 tectu
1195 1588 1262 1652 quusi
1274 1589 1369 1638 nerium

268 1666 348 1717 nostri
360 1679 417 1713 esm
438 1662 585 1726 fecerimus,
604 1670 632 1712 et
649 1664 724 1713 nobis
740 1665 800 1713 nris·
837 1665 924 1713 carino
934 1665 1000 1727 sent]
1018 1665 1237 1727 Distinguendum
1248 1665 1366 1715 omuino:

268 1739 415 1792 cuerimusss
443 1741 517 1790 Idem
528 1754 571 1788 ur.
583 1739 644 1789 belli
657 1739 750 1788 Punici
761 1755 800 1788 se·
837 1739 941 1788 inemris
961 1739 1082 1799 merides,
1106 1743 1169 1788 treta
1190 1743 1256 1802 quusi
1274 1741 1370 1790 nooisrn

267 1816 355 1876 cundi,
379 1816 475 1867 ‘Quod
493 1815 650 1865 connubium
669 1823 800 1865 vetustum
837 1815 924 1862 eurise
934 1819 998 1863 suni.
1032 1814 1113 1862 Proeit
1123 1816 1233 1863 Severus
1243 1815 1368 1878 sulpitius

266 1895 362 1944 multos
382 1892 494 1942 familias
516 1894 599 1942 elrrss
624 1906 655 1942 sc
679 1900 799 1957 potentes
838 1891 946 1954 Dialogo
964 1891 1055 1953 primo,
1074 1891 1107 1939 de
1123 1892 1263 1941 virtutibus
1282 1906 1368 1941 mona·

267 1969 390 2020 Romanis
401 1968 557 2018 miscuerat!
591 1968 648 2017 llio.
837 1969 941 2017 chorum
958 1967 1137 2017 orientalium:
1154 1969 1282 2032 ‘parrum
1295 1976 1369 2032 tngo·

300 2045 419 2110 Mopolie]
437 2046 537 2103 Festus,
555 2050 583 2092 et
602 2057 635 2092 ex
647 2043 798 2104 eoPaulus,
836 2042 902 2091 rium
924 2043 992 2091 inter
1013 2056 1102 2091 ereuss
1131 2044 1271 2107 conspicio,
1292 2044 1366 2106 cujus

266 2122 478 2185 ‘Mupaliacaue
490 2117 798 2181 Ponicaeappuuntur!
836 2124 942 2176 tectum,
964 2118 1033 2166 sient
1058 2118 1196 2166 Sallustius
1224 2119 1269 2181 ait,
1292 2119 1366 2182 quasi

268 2196 447 2260 Philargyrius
456 2194 553 2257 Georg.
564 2195 582 2243 l.
597 2207 639 2242 ru.
656 2194 798 2257 ‘Mspalia,
835 2192 921 2241 carlus
932 2192 1003 2241 usvis
1015 2192 1091 2241 orat.'
1125 2193 1260 2242 Porcellus.

266 2288 334 2322 caso
347 2272 506 2332 Maurorum,
521 2271 662 2334 qrrieremo
680 2269 796 2319 habitare
868 2269 947 2317 Medis
967 2272 1046 2316 ostem
1067 2273 1091 2316 et
1109 2269 1229 2317 Arrneniis
1249 2284 1364 2319 deessem

267 2347 406 2399 dicontur?
425 2348 493 2396 Plio.
505 2361 530 2394 v.
542 2351 565 2395 8.
581 2345 723 2396 ‘Numidae
735 2360 797 2395 vero
834 2343 931 2407 Libyes]
959 2345 1036 2392 Meus
1056 2343 1133 2404 liber,
1156 2345 1223 2393 Medi
1242 2350 1320 2394 ostem
1341 2350 1365 2394 el

268 2420 607 2484 Nomadessperurutsndis
623 2419 733 2484 pabulis,
744 2435 797 2469 ma·
834 2419 942 2469 Armenii
962 2433 1077 2468 urceum
1098 2419 1199 2483 Libyes.-
1226 2427 1255 2468 ut
1277 2436 1365 2485 supro,

268 2496 335 2559 palis
356 2511 412 2558 sos,
430 2497 478 2546 lsoc
499 2503 548 2554 est,
565 2496 655 2544 domos
675 2495 797 2559 plaustris
835 2493 880 2544 ‘hi
899 2496 1090 2559 paulatim—per
1109 2496 1235 2544 connubio
1247 2495 1364 2545 Gretulos

266 2571 495 2622 circumferentes!
508 2556 575 2639 θύῃ
586 2573 796 2635 psleovelpoles
833 2586 918 2621 secum
946 2571 1091 2620 miscuere)
1130 2573 1199 2634 Ergo
1224 2578 1253 2620 ut
1275 2571 1364 2621 Perse

266 2649 338 2711 Syris
358 2658 398 2698 cst
416 2650 537 2711 agricolo,
553 2647 614 2694 hinc
632 2647 733 2709 rospale
751 2647 802 2694 de··
834 2647 959 2708 Gaetulos,
970 2648 1006 2695 sic
1021 2647 1092 2695 Medi
1104 2654 1131 2695 et
1142 2647 1256 2694 Armenii
1270 2646 1364 2709 Libyes

267 2723 382 2784 ductum,
401 2724 505 2785 proprie
516 2729 574 2769 erut
591 2723 712 2783 ngrtootae
724 2732 796 2783 tugu-
833 2737 974 2771 arcessere.
1010 2725 1152 2772 Cineeonim.

266 2800 340 2862 rium,
351 2807 381 2848 ut
392 2800 418 2848 ln
429 2801 473 2848 illo
484 2799 628 2847 Claudiani:
646 2799 794 2862 ‘Agricolas
865 2797 945 2845 Medis
966 2804 1043 2847 aulem
1064 2804 1088 2847 ci
1107 2799 1228 2847 Armeniis
1248 2813 1362 2848 necem

267 2880 384 2924 reserarit
400 2877 457 2940 jam
478 2881 535 2924 tuta
555 2875 670 2938 Mapalia
690 2875 794 2925 Msuri.’
831 2871 928 2935 Libyes]
946 2873 987 2921 lto
1000 2876 1104 2936 vulgata
1121 2875 1198 2921 lrnlrot
1215 2874 1305 2921 lectio:
1324 2881 1361 2922 ot·

266 2951 380 3001 fisclum.
831 2946 883 3009 qui,
895 2954 924 2995 ut
934 2948 1022 2996 Persae
1041 2947 1146 2995 sdvenoe
1159 2961 1289 2996 uouemere
1301 2947 1361 2996 Gee-

300 3026 360 3082 Quoe
372 3027 479 3089 Mopolin
492 3025 528 3073 illi
540 3024 631 3088 mount]
647 3027 711 3076 Cum
724 3026 793 3076 ride·
832 3022 903 3084 tulis,
923 3024 960 3073 tta
980 3024 1052 3072 Medi
1074 3038 1103 3073 sc
1123 3024 1238 3072 Armenii
1259 3024 1360 3072 extcmi

267 3116 320 3151 rein
330 3103 454 3167 quosdam
471 3103 598 3152 dubitare.
633 3104 749 3166 Mopolio,
761 3120 792 3153 an
832 3099 945 3162 hibybus
963 3114 1111 3160 sccessere;
1130 3114 1180 3148 uon
1197 3099 1293 3162 Libyes
1306 3100 1363 3148 Me·

267 3178 375 3239 Mogoliu
392 3179 555 3228 scribendum
571 3193 640 3228 esse:
666 3194 716 3228 non
734 3181 794 3230 alie.
831 3174 869 3223 dis
881 3189 911 3223 sc
923 3175 1068 3224 Armeniis:
1092 3189 1171 3239 quare
1184 3176 1362 3239 magisplacet

265 3264 325 3298 uum
343 3254 423 3299 visum
439 3254 529 3302 estiic
544 3253 694 3304 adscribere
710 3256 793 3305 Servii
830 3261 933 3302 vetusta
944 3254 1032 3315 lectio,
1041 3269 1097 3317 quae
1109 3255 1145 3302 ita
1152 3253 1279 3301 habebat:
1293 3254 1362 3301 Medi

266 3322 352 3371 verba.
382 3325 408 3372 ls
418 3327 498 3387 igitur
515 3328 551 3375 sic
567 3328 599 3375 sd
616 3329 678 3376 illud
690 3331 792 3392 Virgilii
830 3344 858 3376 oe
880 3328 987 3378 Armenii
1011 3343 1125 3376 recessere
1148 3328 1265 3391 fidulus:
1291 3327 1359 3390 quod

265 3395 322 3447 AEn.
334 3398 351 3446 l.
364 3412 404 3447 iv.
429 3402 485 3449 ‘Ut
497 3402 604 3462 primum
620 3405 694 3451 itatis
705 3406 794 3469 tetigit
831 3404 933 3468 quidum
954 3412 1052 3453 temere
1068 3412 1209 3461 mutarunt,
1225 3405 1359 3450 horrentes

265 3471 379 3536 Magnus
403 3474 505 3538 pluuiis,
526 3475 650 3538 Megalia,
670 3477 792 3528 Afrorum
829 3480 944 3527 datiuum
956 3477 1240 3542 Lidulss,roriusnpud
1255 3478 1360 3526 Latinos

265 3561 344 3596 cums.
375 3549 488 3611 Megalia
499 3559 525 3597 et
537 3551 652 3613 Mupalls
663 3553 730 3603 idem
743 3556 792 3618 sig·
830 3555 954 3616 nuditum,
965 3569 1116 3619 quemquam
1136 3555 1210 3601 tuleis
1224 3555 1359 3616 aliquando

265 3621 380 3673 nificsut.
414 3625 464 3673 Sed
480 3627 643 3689 Megalisma
655 3630 790 3692 producit3
829 3632 979 3681 invenimus.
1025 3631 1137 3683 Quidum
1157 3631 1260 3680 codices
1279 3632 1385 3681 etiam'

266 3700 380 3764 Mapsliu
400 3715 459 3749 vcro
480 3703 602 3766 corripit:
627 3713 665 3765 ut,
684 3712 711 3754 et
727 3708 792 3756 roris
828 3707 961 3756 habebant
982 3707 1069 3771 sisyn
1088 3708 1261 3757 accusativum
1284 3709 1360 3758 Grae·

264 3777 381 3827 habitate
414 3778 528 3840 lllspslia
557 3779 652 3827 tectis!
702 3782 792 3831 Festus
829 3780 1059 3833 cumltocsensu:
1088 3782 1360 3834 MedioeArrneniioc-

264 3852 401 3915 Pompejus
414 3852 520 3913 Mopulr'u
532 3854 659 3903 nominet:
685 3857 791 3905 elidem
828 3874 915 3907 cessere
934 3858 1031 3922 Libyes,
1049 3858 1230 3921 propositione
1249 3862 1281 3908 ad
1303 3876 1359 3909 ver-

264 3928 399 3977 Sullustius
418 3924 485 3975 infru
505 3942 527 3975 c¹
540 3933 581 3977 du.
599 3930 694 3978 disset.
718 3933 792 3981 Glos·
830 3934 889 3982 bum
898 3934 965 3982 luta:
985 3946 1061 3996 quum
1071 3934 1207 3982 lectionem
1220 3950 1268 3998 ego
1279 3936 1372 3983 neoti·

265 4002 371 4051 mlum:
390 4002 512 4064 Mttgfllidr
530 4001 641 4056 καλύβαι·
670 4007 733 4054 item
750 4024 792 4054 no·
830 4026 903 4074 quom
916 4012 1015 4074 lejicio,
1029 4020 1055 4058 et
1069 4027 1123 4060 eom
1142 4024 1246 4062 seruitus
1257 4021 1297 4061 est
1308 4014 1359 4061 Ba-

264 4075 551 4141 tiera'noporuaydna.
569 4079 682 4128 Isidorus
693 4090 791 4131 nutem:
830 4086 896 4135 dius.
929 4086 1011 4135 Porro
1021 4103 1079 4151 quae
1092 4090 1206 4151 proxime
1218 4097 1359 4152 sequuntur

264 4152 399 4217 ‘illegalis
418 4156 489 4219 quusi
507 4156 621 4218 urogaria
640 4156 793 4222 dictuque
830 4161 918 4225 verbs,
934 4165 941 4190 ‘
956 4161 1022 4211 Nam
1042 4164 1067 4211 lui
1088 4165 1193 4228 propius
1210 4179 1278 4213 mure
1289 4163 1360 4215 nsit-

265 4224 358 4288 Magsr
368 4230 461 4280 Punici
481 4245 571 4281 noveru
588 4232 675 4284 villum
686 4233 793 4286 dicunt!
830 4250 888 4288 cum
900 4237 1044 4302 agitabunt,
1052 4239 1150 4289 (inuti
1159 4240 1209 4290 sub
1216 4242 1269 4292 sole
1276 4244 1360 4308 uagis
