3000 5040
216 408 282 477 470
566 415 674 466 norm
700 413 897 464 irsnrorton
921 412 961 462 m

216 562 560 632 sqooSegnntussociomm
570 558 743 624 populkom.
781 571 872 606 nomen
890 558 944 606 srci
961 555 1022 618 fuit,
1038 556 1110 620 qussi
1126 555 1208 605 altere
1219 553 1310 605 civitas

215 644 517 702 cirites,octevomense
537 644 614 698 capto
636 643 692 685 cst:
711 635 743 684 de
781 633 928 692 resistebat,
948 632 1063 696 quemvis
1082 629 1220 694 profligato
1238 627 1309 678 urbis

214 718 305 784 quibus
327 717 426 779 injuriis
449 715 518 762 missi
538 714 619 775 legati
638 712 670 760 ed
683 711 743 761 Cer·
781 709 893 768 excidio,
911 715 996 756 tamen
1012 707 1090 756 latnie
1109 706 1204 756 Africae
1217 717 1311 754 nomen

214 795 395 857 thegiuienses,
413 795 456 857 qni
484 798 661 856 quererentur,
684 804 742 837 rum
780 784 926 847 Scipionum
944 782 1088 832 videbatur.
1123 783 1209 845 lgitur
1227 783 1252 830 iu
1265 779 1310 829 eli·

211 868 363 920 utisfscere
382 870 490 928 nollent,
502 868 596 915 bellum
614 864 743 914 eisindic·
780 876 823 908 um
846 861 990 922 Scipionem
1005 873 1128 907 conversa
1148 856 1261 920 respubl.
1281 853 1310 903 fi·

213 953 267 995 tom
279 953 328 994 est.
346 945 458 993 Annibal
477 951 599 1006 superato
614 941 742 1003 Pyreuaeo
779 950 838 984 nem
858 935 919 984 beili
937 933 1096 998 reposcebat.
1130 933 1208 981 Hisne
1227 930 1311 980 Paulo

212 1023 280 1070 saltu
291 1036 337 1083 per
350 1021 456 1080 Gallias,
469 1019 542 1077 tusis,
560 1018 603 1081 qul
615 1017 741 1066 obsistere
781 1012 951 1062 Macedonico
963 1018 1133 1075 procreatum,
1149 1008 1267 1059 Africani
1280 1007 1311 1056 il·

211 1096 236 1144 ei
248 1097 335 1145 conati
357 1102 440 1155 erent,
458 1095 490 1142 nd
512 1094 592 1155 Alpes
608 1090 696 1139 venit:
713 1096 741 1138 et
779 1089 828 1139 iins
839 1091 925 1153 ningni
935 1090 1025 1148 tilium,
1043 1089 1069 1138 in
1083 1088 1163 1137 decus
1175 1086 1259 1150 gentis
1271 1099 1311 1133 ns-

211 1170 337 1220 leboriosn
349 1185 395 1232 per
406 1186 450 1219 eos
468 1169 585 1228 transitu,
602 1183 659 1215 cum
670 1179 742 1214 mon·
778 1176 932 1230 sumpserat,
942 1168 990 1217 hoc
1000 1167 1102 1215 scilicet
1118 1163 1184 1225 feto,
1193 1172 1223 1212 ut
1233 1176 1310 1227 quem

211 1254 285 1296 tenos
307 1263 408 1312 quoque
431 1247 517 1295 Gallos
536 1246 624 1293 obvios
643 1243 740 1306 eliquot
778 1241 868 1291 urbem
880 1248 1046 1291 concusserat
1057 1255 1128 1303 ersis,
1146 1254 1226 1302 nepos
1237 1250 1309 1288 ever·

211 1324 306 1387 preliis
328 1324 473 1384 repulisset,
490 1319 633 1378 descendit,
653 1317 741 1380 ibique
779 1323 857 1366 teret.
874 1318 963 1367 Znncb.

211 1401 341 1450 sexdecim
349 1414 428 1448 snoos
436 1407 526 1447 contra
537 1398 663 1444 Romnum
670 1408 741 1456 pros·
812 1395 873 1442 Ceos
882 1409 944 1457 soepe
962 1394 1168 1455 Carthaginienses
1183 1392 1242 1440 etin
1251 1389 1310 1453 pnce'

211 1490 272 1539 pere
291 1476 429 1538 pugnavit:
458 1475 561 1523 tandem
583 1487 598 1520 u
617 1472 739 1533 Scipione
778 1473 854 1531 etper
872 1470 989 1533 indecies]
1006 1470 1148 1532 Perpernm
1169 1474 1209 1515 est
1231 1467 1255 1513 ln
1269 1480 1310 1512 re-

210 1548 343 1609 Africsno,
360 1550 402 1613 qui
414 1551 509 1612 primus
527 1550 602 1597 victe
613 1564 628 1595 a
639 1563 666 1596 se
680 1562 739 1611 gen·
778 1547 937 1596 centioribus
948 1547 1056 1596 slternm
1070 1553 1093 1595 et
1109 1545 1236 1604 omissum,
1254 1556 1307 1590 uon

210 1626 242 1673 tis
253 1640 394 1688 cognomen
406 1627 514 1685 invenit,
531 1625 601 1674 hello
617 1623 675 1672 finis
694 1624 739 1672 im·
778 1621 882 1686 quidem
893 1624 946 1672 ullo
962 1638 1020 1672 cum
1039 1623 1196 1671 detrimento
1207 1633 1308 1681 sensus,

210 1701 309 1764 positus
328 1710 388 1750 est:
413 1702 446 1750 de
468 1717 518 1766 quo
541 1702 622 1750 multe
645 1701 740 1762 Livius,
777 1699 824 1745 sed
843 1699 979 1763 elegantiis
1001 1699 1123 1749 orationis
1143 1706 1238 1746 temen.
1264 1696 1309 1744 Ri-

210 1777 345 1825 Plutarch.
365 1785 391 1825 et
403 1779 493 1825 Florus
505 1777 619 1825 tradunt.
657 1776 740 1824 Tertii
776 1774 837 1823 ries.

209 1850 302 1899 Punici
315 1853 374 1900 belli
386 1853 486 1901 initium
500 1854 582 1902 altero
594 1859 623 1902 et
633 1867 739 1902 sexceo·
809 1849 890 1897 Metto
899 1849 993 1909 reforio
1004 1848 1249 1911 socinorosoeissert]
1274 1848 1308 1898 In

208 1929 301 1977 tesimo
318 1944 384 1978 asino
401 1931 432 1977 nb
453 1931 522 1978 Urbe
540 1930 654 1990 condite,
670 1931 738 1979 intre
776 1926 986 1990 Merseburgeusi
1004 1933 1054 1987 est,
1065 1926 1182 1985 admo:
1207 1925 1252 1974 sed
1263 1939 1307 1974 eo·

209 2003 324 2067 quintum
340 2018 444 2062 anuum,
456 2019 531 2064 quem
546 2011 602 2051 erut
614 2012 737 2067 creptum,
775 2003 832 2051 dem
844 2016 928 2053 seusu.
962 2005 1011 2052 Est
1026 2010 1054 2052 et
1073 2005 1139 2066 apud
1155 2005 1307 2053 Ciceronem

207 2088 407 2130 consummatum
427 2081 529 2129 omnino
544 2089 598 2128 est:
617 2081 686 2128 iuter
697 2081 736 2128 Μ.
775 2078 936 2127 ‘nefandum
966 2079 1070 2127 scelus!
1106 2080 1179 2128 idem
1207 2079 1305 2131 alicubi

207 2153 329 2203 Porcium
346 2156 479 2214 Catonem,
489 2161 517 2202 et
525 2153 673 2216 Scipionem
685 2154 738 2202 No·
774 2154 877 2201 ‘scelus
888 2152 1015 2201 nefarium
1028 2154 1121 2203 facere·
1131 2155 1206 2205 dixit.
1224 2156 1306 2219 Item,

207 2229 295 2293 sicem,
316 2246 423 2295 quornm
446 2230 554 2278 alterum
581 2230 736 2293 sapientissi-
773 2228 930 2276 ‘scelestum
942 2236 971 2277 et
979 2228 1106 2278 nefarium
1118 2228 1234 2281 focinus!
1264 2233 1307 2283 Id.

206 2320 275 2356 mom
302 2309 384 2356 virum
411 2309 437 2356 in
464 2308 572 2356 civitate
597 2307 737 2369 hebebant,
806 2305 987 2367 Nomsidigsn
1003 2321 1124 2369 poenopro
1137 2308 1214 2368 factis
1224 2322 1305 2358 eorem

206 2384 321 2432 slterrir
332 2385 444 2446 optimus
462 2386 586 2433 sSenelu
600 2384 736 2448 judicatus
773 2381 924 2444 reperiretur,
944 2398 1028 2431 rorem
1048 2384 1170 2432 consilium
1190 2384 1305 2448 approbo]

205 2463 270 2518 eret,
281 2455 390 2506 dirersis
402 2465 530 2509 certetum
542 2466 583 2509 est
593 2459 738 2522 sententiis,
774 2458 964 2522 Menuscripte‚
975 2459 1100 2521 reperitur,
1111 2459 1240 2509 indicandi
1252 2475 1305 2509 mo·

205 2531 305 2581 citone
319 2536 446 2584 suadente
462 2537 566 2600 bellum,
577 2546 604 2587 et
616 2546 645 2587 ut
656 2538 736 2588 omni.
774 2532 817 2595 do,
836 2541 954 2597 tempore
971 2534 1110 2596 presenti:
1133 2551 1183 2599 quo
1200 2536 1304 2600 quidem

204 2620 238 2655 no
260 2608 391 2658 deleretur
413 2614 552 2674 Carthago,
571 2615 667 2663 Nasica
685 2616 736 2664 dl..
774 2616 801 2658 et
810 2614 926 2671 tempore
938 2618 965 2660 et
980 2611 1056 2660 modu
1073 2612 1098 2660 iu
1115 2613 1204 2661 statim
1216 2614 1304 2663 subse·

203 2680 345 2730 suadente:
379 2685 478 2744 placuit
507 2688 679 2750 nihilominus,
702 2705 734 2739 eo
773 2683 911 2746 quentibus
928 2699 1037 2748 cumque
1055 2687 1094 2734 his
1111 2688 1304 2738 coherentibus

202 2753 271 2818 qood
291 2762 383 2802 contre
405 2755 489 2807 ioedns
508 2774 586 2807 neves
596 2762 732 2824 heberent,
771 2758 862 2818 utitur,
878 2759 924 2807 Sin
939 2761 1077 2820 monimo
1092 2764 1187 2812 sceleris
1201 2767 1305 2814 omnim

202 2836 230 2878 et
246 2835 319 2877 extro
336 2828 400 2879 fines
416 2833 559 2881 exercitum
589 2834 733 2898 duxissent,
769 2833 866 2892 ingenuo
877 2841 1012 2897 exnlperot,
1023 2839 1063 2897 isc.
1081 2839 1164 2888 idem.

201 2903 323 2970 quodque
333 2905 402 2954 socio
414 2907 502 2969 populi
513 2907 621 2957 Romani
632 2915 660 2958 et
671 2911 732 2958 enri-
806 2908 882 2955 Vectis
901 2909 1043 2971 occidant]
1069 2912 1198 2962 Occidere
1218 2915 1303 2965 victos

181 2996 234 3033 »co
256 2981 413 3031 blessinissse
434 2998 505 3031 orme
524 2984 680 3046 intulissent,
704 2992 732 3035 et
769 2984 1152 3050 pessimjushelllappelletur.
1170 2988 1256 3040 Alcon
1268 2994 1302 3042 od

201 3055 271 3124 qood
281 3057 361 3106 filium
378 3059 434 3120 ejus
446 3060 591 3120 Gulussam,
612 3061 656 3124 qni
672 3076 730 3110 cum
769 3061 923 3123 Saguntinos
936 3063 1004 3126 spud
1016 3065 1134 3113 Livium:
1160 3068 1167 3093 ‘
1180 3068 1230 3116 Sed
1243 3070 1301 3120 haec

199 3133 294 3197 legetis
304 3133 429 3183 Romanis
437 3143 503 3197 eret,
513 3136 539 3184 in
550 3136 674 3200 oppidum
684 3136 732 3185 mi·
768 3136 892 3198 patienda
908 3152 1003 3188 censeo
1020 3141 1116 3204 potius,
1131 3158 1207 3206 quem
1221 3147 1300 3195 truci·

200 3209 269 3257 nime
291 3211 459 3272 recepissent,
481 3211 576 3260 bellum
593 3212 731 3272 eisindici,
768 3210 824 3259 deri
845 3227 956 3276 corporo
977 3223 1076 3276 vestra,
1102 3219 1157 3280 rapi
1181 3220 1300 3284 trahique

198 3281 348 3346 priusquam
360 3285 417 3332 ulle
429 3287 512 3348 copie
525 3288 550 3335 in
561 3303 639 3337 nares
651 3290 731 3352 impo·
768 3297 830 3339 ente
847 3305 893 3340 ore
910 3299 997 3342 vestra
1013 3297 1145 3359 conjuges,
1155 3311 1185 3346 nc
1204 3298 1299 3349 llberos

198 3362 332 3408 serentur.
367 3359 503 3409 Uticenses
521 3363 601 3425 legati
620 3363 730 3414 Romam
768 3364 828 3414 belli
840 3368 900 3430 jure
916 3370 1024 3419 sinetis!
1058 3374 1093 3421 Et
1104 3373 1237 3436 eleganter
1248 3375 1300 3437 Cy·

197 3441 333 3495 venerunt,
352 3449 380 3483 se
407 3451 504 3501 surque
533 3439 677 3490 dedentes:
697 3456 729 3491 es
767 3442 889 3504 priauus:
912 3447 1118 3509 ‘Homicidinm
1134 3465 1192 3499 cum
1209 3450 1300 3501 admit.

196 3509 293 3574 iegetlo
316 3512 397 3561 veluti
416 3514 554 3563 mertiorum
571 3514 633 3564 belli
653 3529 728 3567 omen
767 3525 826 3569 tunt
843 3522 948 3586 singuli,
964 3526 1061 3573 crimen
1081 3533 1138 3584 est3
1160 3526 1242 3574 virtus
1255 3540 1299 3575 vo-

195 3593 271 3653 proto
293 3587 417 3650 patribus,
433 3589 527 3638 scerbs
537 3590 728 3653 &turpiores-
765 3603 850 3660 cotnr‚
860 3613 919 3648 eum
936 3601 1041 3664 publice
1055 3602 1171 3663 geritor3
1188 3601 1298 3664 impuni·

195 3662 267 3713 sibus
288 3658 345 3711 fult.
375 3665 466 3728 heperi
488 3666 597 3729 triginta
622 3670 726 3719 Romam
765 3678 846 3722 tutem
865 3676 1007 3725 sceleribus
1028 3677 1206 3741 acquirit,uon
1225 3677 1297 3725 inno-

195 3744 335 3796 mernor,
352 3752 477 3804 perquer
502 3741 727 3806 Cartheginienses
764 3750 857 3798 centiae
870 3752 1002 3814 rotio,sed
1012 3753 1119 3802 sevitie
1128 3748 1300 3814 magnitudo!

193 3811 375 3864 sedsdebnnl.
408 3816 514 3866 Catonis
532 3821 728 3885 senteutiaper·
765 3825 829 3874 Plus
840 3826 904 3877 dicit
916 3832 1030 3878 Seneca:
1054 3830 1256 3894 ‘Quodcunque
1268 3832 1298 3880 li·

195 3888 270 3948 'ielis
291 3896 321 3939 ῑῑῑ
343 3889 452 3940 decreto
472 3903 642 3956 perstaretur,
660 3906 687 3947 et
699 3904 728 3948 nt
765 3903 821 3952 buit
832 3903 929 3963 tacere,
940 3905 1032 3954 victori
1043 3905 1121 3957 licet.’
1139 3907 1245 3957 erinet
1257 3922 1296 3956 ss·

194 3965 319 4016 Consules
341 3970 526 4031 quamprimum
537 3973 728 4032 proficisceren·
765 3994 820 4042 crs,
834 3988 863 4028 et
883 3981 991 4044 profanu
1010 3986 1112 4046 eripere
1132 3985 1242 4032 nrilrtere
1249 3984 1296 4046 jus

195 4049 239 4090 tur
250 4041 284 4090 ed
296 4040 400 4093 bellum.
433 4046 550 4094 hlecriuo
570 4049 648 4108 igitur
667 4064 728 4100 con·
765 4064 835 4104 eret:
855 4056 921 4104 Belli
934 4059 1017 4119 legem
1028 4059 1167 4121 appellavit
1177 4061 1232 4106 Cic.
1245 4074 1295 4122 pro

195 4115 261 4175 sule,
273 4124 343 4167 terre
355 4121 469 4186 merique
481 4120 598 4172 fervebat
611 4126 726 4176 obsidio:
763 4129 881 4187 Servilio,
894 4138 922 4179 et
933 4131 1075 4182 Plautusiu
1086 4132 1214 4194 Amphitr.
1226 4135 1296 4185 ‘De

194 4190 279 4251 omlis
292 4203 383 4256 portus
395 4197 521 4249 onorem:
542 4207 569 4249 et
580 4201 676 4264 primos
688 4219 726 4253 se·
763 4202 1183 4272 dunlquesqdirinshumsusque
1192 4210 1296 4262 onmis?

194 4266 726 4344 omniumomqtutnnbyrseffiuod
763 4277 1293 4349 Etdssscrisprotsnet‘soereposselc.
