3000 5040
264 352 333 419 444
610 361 719 410 uorn
743 348 948 408 rsntonuu
972 357 1012 406 ru

298 510 396 560 Honore
405 501 510 558 insutu
519 505 639 568 nicetus]
681 504 726 554 ltu
741 502 796 553 iere
833 501 944 551 usses.
953 502 1048 551 Tuast.
1060 501 1176 552 crosno.
1188 495 1368 551 lin'rui'su·

264 586 292 639 itt
301 585 497 646 recentioribus,
504 592 530 632 et
543 585 569 633 in
578 581 797 645 Mersebnrgensi,
832 591 888 628 ms.
902 577 1042 627 nuruum
1056 576 1148 626 lists.
1159 585 1201 626 et:
1214 576 1330 628 iunius.
1339 572 1368 622 Β.

266 663 417 732 quibuscum
426 659 490 710 tucn
503 659 796 709 relictusnursnttaus.
834 652 866 703 P.
888 653 916 704 F.
937 652 1056 701 Tunius.
1081 654 1175 702 Hsvu.
1190 654 1288 702 nnsis.
1309 649 1368 699 Dsr.

264 736 317 788 seu
338 736 448 786 Fubricii
465 734 649 793 codenltabet,
669 733 797 782 consenti·
833 731 905 778 Τιιιι.
926 729 1014 778 linus.
1035 731 1167 778 Fucinum.
1201 729 1250 777 Est
1269 733 1298 776 et
1317 723 1369 774 ulia

265 811 367 864 solibus
387 813 570 876 manuscriptis
588 811 697 868 duobus,
715 809 799 857 bonore
835 804 953 868 quaedam
970 804 1104 866 inscriptio
1121 810 1205 862 vetus,
1224 802 1251 850 id
1269 799 1369 866 liquido

266 887 409 948 maor,
420 888 594 950 prodecorutos
605 883 798 948 uusptytcstss,
835 879 1015 928 demonstrans
1023 880 1060 927 bis
1069 878 1167 927 verbis:
1180 877 1371 927 insn'l'nctttt.

265 970 364 1013 necest
373 964 397 1011 in
407 962 538 1026 impressis
547 960 699 1025 quibusdam
711 972 797 1006 secus:
835 957 925 1006 Nunc.
935 957 1060 1009 Luouott.
1071 957 1161 1004 Have.
1173 955 1372 1004 lanuuium.

266 1053 356 1090 rerum
368 1040 417 1089 hoc
429 1038 534 1088 lectoris
550 1036 660 1100 judicio,
671 1041 700 1084 ut
711 1039 739 1082 ut
749 1032 799 1080 ulis
835 1036 1003 1086 nunninus.
1037 1037 1136 1099 popm,

268 1113 325 1165 iure
337 1116 519 1180 permittimus.
554 1113 645 1161 Rivius.
868 1110 1372 1175 Car.8tiApuric.lisrninisraFlrmntnm

301 1188 524 1250 Honorsltouestos]
546 1181 800 1236 Estlncnnctisiere
835 1189 938 1250 iunges,
956 1189 1009 1252 isc]
1034 1187 1118 1237 Aucus
1129 1187 1292 1237 sttmtacinus
1310 1176 1372 1234 man

269 1279 328 1330 quae
341 1267 396 1328 ipse
408 1263 517 1311 viderint
529 1260 731 1323 exemplaributt
749 1259 799 1307 lis-
836 1265 1037 1327 exempli,nnius
1046 1258 1371 1313 soliusNumrisnicodici‘s

268 1342 476 1392 sorelsuestotos.
509 1338 573 1397 Nos,
589 1336 800 1397 boameboarslor,
836 1339 889 1390 fide
901 1340 1050 1389 introductu
1063 1354 1126 1388 voce
1142 1354 1224 1387 nora:
1244 1336 1289 1386 sed
1302 1337 1371 1386 enirn

269 1417 432 1480 “filliimlffi
450 1414 528 1474 idque
541 1412 648 1475 antiqno
666 1426 737 1460 more
748 1411 800 1460 dic·
837 1429 895 1465 cum
906 1415 928 1463 is
938 1416 973 1465 slt
984 1415 1144 1480 antiquitatis
1156 1414 1264 1472 ultimas,
1276 1421 1303 1462 et
1320 1427 1373 1462 om·

270 1499 333 1541 turn.
345 1492 431 1539 Plaut.
448 1490 474 1537 in
485 1489 697 1552 capttvtwout
709 1503 750 1537 me
759 1489 802 1536 lto·
838 1492 913 1542 nibus
930 1493 1014 1541 literis
1033 1492 1059 1540 id
1080 1497 1193 1553 tueatur,
1212 1504 1260 1539 nee
1278 1490 1372 1551 solum,

267 1582 334 1618 nore
344 1567 513 1616 honestiorem
525 1581 628 1629 semper
637 1565 702 1614 iecit
720 1572 748 1614 ct
765 1564 801 1613 iu·
838 1568 884 1617 sed
908 1568 1041 1631 adpictum
1065 1568 1159 1617 bubcat
1181 1563 1374 1630 uirginitatis

271 1643 325 1694 ctt¹
364 1641 507 1691 Coniirmst
526 1648 553 1690 et
574 1642 640 1690 banc
662 1642 801 1691 lectionem
840 1645 960 1703 Flaccum,
982 1643 1056 1693 nefas
1074 1645 1162 1706 putavi
1173 1643 1298 1707 derogare
1316 1655 1373 1689 tero

269 1718 381 1768 relictus
402 1719 573 1768 Darentinus.
607 1718 732 1769 Quamvis
751 1732 802 1766 non
839 1722 1004 1786 tamprisco:
1024 1722 1237 1786 praescrtimcnm
1256 1731 1374 1768 necem.

270 1808 363 1861 negem
374 1797 460 1847 bonore
471 1798 612 1860 ioneuotos,
624 1798 757 1863 eleganter
772 1810 803 1845 sc
840 1800 879 1848 rio
898 1799 1047 1865 requiratur
1064 1799 1105 1847 iric
1123 1812 1214 1847 nomen
1227 1797 1340 1855 tertium,
1351 1794 1373 1843 si

273 1872 368 1923 Latine
380 1873 440 1922 dici.
474 1875 568 1923 Cicero
583 1875 609 1922 in
627 1874 804 1936 orationcpro
840 1874 993 1925 distinctum
1010 1875 1122 1924 volucrit
1141 1871 1374 1922 huncFlaminium
1426 1931 1432 1944 .

273 1947 350 2000 domo
361 1966 421 1999 sna:
435 1952 442 1977 ‘
455 1952 550 1999 'l'amen
563 1950 611 2010 ne‚'
624 1950 716 2014 inquit,
728 1951 735 1976 ‘
745 1963 804 1997 eum
840 1967 856 2000 a
867 1952 936 2000 mille
954 1952 1020 2000 uliis.
1056 1952 1185 2000 Flammam
1197 1950 1266 1998 inter
1280 1962 1375 2010 cogno·

271 2032 318 2077 tua
326 2040 390 2075 voce
400 2024 517 2085 violabis,
526 2039 601 2088 quem
611 2031 669 2088 post
678 2023 804 2072 nefarium
840 2026 921 2086 mina,
933 2026 995 2074 satis
1007 2033 1097 2074 notum
1107 2040 1139 2072 ex
1149 2022 1376 2086 inscriptionibus,

271 2101 355 2150 scelus
367 2098 499 2149 consulum
512 2099 672 2161 superiorum
681 2104 722 2146 tot
732 2096 804 2145 vides
841 2107 869 2149 et
879 2101 1013 2150 Historiis.
1049 2100 1174 2157 Gruterus.

268 2176 374 2242 judiciis
394 2174 555 2224 SenatusP.
568 2175 601 2223 ll.
621 2175 702 2223 totius
721 2173 804 2222 ltaliae
874 2175 904 2223 In
923 2189 982 2237 ugro
1001 2171 1114 2235 Reatino]
1141 2172 1172 2220 lu
1189 2168 1319 2219 nonnullis
1338 2171 1376 2220 le·

273 2249 456 2302 honestatum!
491 2251 586 2314 Popmu.
842 2253 926 2317 gitur:
952 2250 1181 2312 qugroAretinm
1205 2248 1377 2312 quamscrip·

284 2328 288 2336 '
307 2329 403 2379 Horrore
413 2328 519 2376 insenos
529 2327 645 2391 videbam]
668 2327 731 2375 Mss.
752 2339 805 2375 nm·
843 2336 927 2378 turum
939 2325 1126 2375 etVincentius
1138 2325 1300 2376 Castioneus
1310 2337 1337 2373 se
1349 2322 1376 2375 itt

273 2403 696 2468 nereditique,lsoaoreiousstutos.
714 2403 805 2467 ltaque
845 2405 898 2454 suis
916 2404 1015 2468 aliquot
1034 2402 1146 2466 antiquis
1169 2400 1279 2450 codicib.
1303 2413 1378 2463 repe·
1456 2433 1463 2446 s

274 2479 302 2532 id
321 2479 407 2530 forsan
420 2482 608 2540 revocandam
627 2481 742 2546 quamvis
755 2485 808 2528 stet
844 2481 907 2530 risse
917 2486 1036 2530 testatur.
1061 2479 1115 2527 Nos
1128 2477 1232 2525 interim
1244 2475 1375 2539 vulgatam

275 2569 324 2622 pro
341 2558 400 2621 aiio,
413 2558 717 2621 Ririiblersebnrgensis
737 2564 807 2605 notre
844 2558 984 2608 lectionem
995 2555 1145 2605 retinemus.
1179 2553 1279 2614 Popmn.

272 2633 378 2682 minime
390 2635 517 2696 protritae.
551 2633 678 2682 Gruterus.
878 2635 944 2683 Dum
954 2633 1075 2680 cicitutenr
1091 2636 1163 2679 natea
1180 2629 1322 2677 solicitutuut
1338 2642 1377 2675 ur·

306 2708 367 2770 Spes
375 2709 504 2769 diguitatis
522 2709 697 2769 conservande]
723 2707 808 2770 Oppi·
844 2709 1010 2772 misexornut]
1043 2707 1154 2756 Codices
1174 2707 1200 2755 in
1218 2704 1378 2768 pcrgsmcnIs

275 2780 309 2831 do
320 2781 444 2831 obscurus
452 2780 494 2828 hic
503 2788 544 2828 est
556 2794 661 2829 sensns:
675 2782 808 2829 Commeu·
847 2782 980 2845 descripti,
988 2784 1044 2830 tism
1055 2781 1213 2829 sicinitutern:
1225 2778 1333 2837 illud,ub
1345 2793 1380 2842 eo,

275 2857 405 2910 tutoribus
422 2862 509 2905 aulem
529 2853 620 2905 tacitis.
656 2855 808 2904 Ciceronem
846 2860 916 2923 qnod
928 2859 1070 2922 Gymnicus
1081 2858 1169 2917 babet,
1181 2871 1231 2905 non
1249 2854 1380 2918 reperitur

275 2934 365 2986 hercle
377 2933 543 2983 vehementer
560 2937 635 2981 notat
651 2932 764 2981 Catilina
776 2930 809 2980 dc
846 2934 871 2983 ln
889 2933 1079 2996 manuscriptis,
1089 2947 1118 2982 sc
1129 2946 1161 2980 ne
1177 2932 1204 2980 in
1222 2931 1311 2981 codice
1322 2932 1379 2995 qni·

276 3010 342 3061 falsa
357 3009 538 3061 criminatione
558 3009 592 3058 ad
612 3007 751 3072 Populum,
763 3021 810 3069 per
847 3011 905 3061 dem
918 3011 1084 3060 Berualdiuu.
1120 3011 1216 3060 Rivius
1303 3038 1308 3048 -

278 3101 355 3154 quana
364 3086 508 3136 viderirult
517 3086 644 3148 repulsam
654 3099 751 3147 passus,
759 3098 810 3134 non
881 3090 943 3137 cum
957 3088 1012 3136 aliis
1022 3088 1117 3150 imperii
1128 3086 1271 3151 insignibus]
1298 3088 1381 3154 lusiq-

279 3161 437 3212 conscientia
456 3161 493 3209 tlo
509 3162 595 3223 culpa,
607 3167 636 3209 ut
656 3160 731 3223 partio
750 3168 811 3209 unte
848 3163 890 3213 nia
905 3163 1037 3227 precipuae
1055 3157 1196 3213 Coninlum
1212 3162 1286 3213 inere
1296 3163 1381 3213 veterl

277 3236 334 3299 ipse
344 3237 467 3299 loquitur.
499 3236 569 3299 Ergo
582 3236 713 3285 innocenti
724 3236 772 3285 sibi
783 3235 810 3284 ld
849 3241 917 3304 κερ.
927 3239 1011 3291 ἕως
1022 3239 1158 3290 duodecim
1170 3256 1226 3291 cum
1236 3241 1382 3302 lictoribus,

279 3309 312 3359 ab
320 3308 528 3358 inimicofsctum
536 3312 627 3358 Catulo
636 3311 811 3374 conqueritur,
848 3319 912 3367 gell.
932 3318 1035 3379 curulis,
1057 3325 1184 3382 praerextu
1207 3325 1277 3380 toga,
1298 3328 1382 3378 eaque

279 3399 311 3435 es
330 3401 386 3447 spe,
398 3385 419 3432 si
437 3385 538 3448 quando
560 3387 670 3448 populns
690 3387 812 3435 resciscet
849 3391 918 3441 domi
937 3392 1136 3456 sumptaprimo
1153 3392 1319 3454 magistratus
1339 3388 1382 3439 die

279 3474 311 3511 cs
333 3462 465 3509 innocenti
486 3459 568 3521 iactu,
589 3462 757 3513 restituturus
777 3463 812 3512 sit
850 3474 911 3517 ante
922 3469 994 3516 Deos
1006 3466 1117 3515 Penates
1129 3466 1230 3531 (Livius
1241 3464 1258 3513 l.
1271 3476 1342 3511 xxrt.
1355 3464 1382 3513 itt

279 3538 373 3588 eumin
385 3539 525 3601 integrum.
546 3538 605 3589 Hoc
619 3540 697 3602 igitur
709 3541 812 3590 nomine
849 3541 907 3607 tin.)
929 3543 1012 3606 scipio
1035 3539 1164 3611 eburneus
1183 3541 1209 3588 iu
1232 3553 1308 3587 mann
1327 3538 1382 3590 sire

278 3616 401 3665 honestas
413 3629 472 3678 spes
484 3622 588 3665 secutus
597 3628 662 3676 sum,
670 3615 764 3679 inquit,
773 3630 812 3665 re·
849 3627 992 3683 sceptrum.
1025 3617 1070 3665 De
1091 3631 1142 3680 quo
1163 3615 1277 3678 scipione
1299 3615 1383 3663 minus

280 3692 359 3757 liques
369 3692 501 3756 dignitatis
509 3690 700 3742 conservande.
725 3690 796 3742 Glsr.
851 3695 954 3760 quidem
975 3695 1080 3758 vulgata
1103 3708 1154 3753 res,
1173 3693 1272 3754 mugnis
1295 3700 1382 3741 tumen

315 3768 421 3832 Hunno]
438 3770 534 3818 Omnes
544 3769 652 3832 antiqui,
661 3768 813 3831 ctimpressi
850 3769 997 3819 unctoribus
1018 3768 1078 3815 milri
1098 3774 1178 3816 certa.
1213 3768 1256 3815 De
1277 3783 1327 3832 quo
1346 3768 1384 3817 io·

283 3845 396 3909 codices,
412 3846 488 3895 Aceto
509 3845 613 3893 haisent.
647 3845 703 3907 Ego
724 3843 812 3892 insitis
850 3845 938 3910 quitur
956 3844 1098 3908 Dionysius
1123 3843 1345 3894 Halicarnasseus
1362 3845 1383 3894 l.

280 3922 364 3982 libris,
374 3922 499 3982 omuibus,
510 3922 604 3970 Huseto
613 3920 717 3983 scripsi:
735 3926 813 3984 alque
851 3934 894 3969 ιιι.
935 3921 976 3968 De
1002 3919 1110 3982 Papyrii
1137 3933 1238 3983 quoque
1267 3920 1383 3981 scipione

282 4001 338 4063 ejus
357 3999 505 4063 scripturae,
525 4012 584 4046 cum
603 3997 684 4044 multa
695 4004 722 4044 et
734 3996 813 4044 mani·
850 3996 967 4046 eburneo
979 3997 1095 4059 loquitur
1105 3996 1193 4045 Liuius
1211 3998 1228 4046 l.
1241 4009 1283 4044 ιιι.
1294 4004 1322 4044 et
1331 3995 1385 4044 Va·

279 4075 348 4125 fests
360 4084 451 4126 vetera
464 4079 631 4124 monuments
642 4071 746 4120 sdierre
759 4086 815 4134 pos·
851 4072 929 4121 lerius
941 4073 1012 4121 Max.
1022 4071 1055 4120 de
1065 4072 1156 4135 priscis
1164 4072 1236 4120 Coss.
1248 4071 1266 4118 1.
1274 4083 1315 4118 ιν.
1324 4084 1348 4119 c.
1357 4075 1382 4120 4.

283 4152 341 4215 sim,
360 4168 452 4217 panes,
464 4167 521 4218 quae
543 4157 603 4199 sunt
613 4149 814 4199 eminentissima
851 4147 962 4212 inquit,‘
975 4163 1023 4197 nec
1043 4149 1081 4197 eis
1092 4146 1142 4197 init
1153 4146 1251 4209 rubori,
1268 4145 1383 4196 eburneo

283 4225 666 4293 proponam,ctprimnmillnti
674 4226 815 4288 Ciceronis,
852 4223 967 4288 scipione
990 4223 1118 4289 deposito,
1138 4229 1269 4287 agrestem
1289 4222 1383 4272 stiram

283 4303 351 4369 quod
378 4305 405 4354 in
428 4304 556 4357 zacintho
582 4311 673 4355 extare
699 4302 813 4355 diciturr
852 4299 1080 4368 srstrirspstere!
1114 4299 1181 4366 Itips.
