2994 5040
427 392 578 440 aunensi
601 393 789 441 rueuarn.
826 379 1004 444 oue.102.
1195 381 1268 448 diiii·

169 532 222 581 lnm
234 546 249 579 a
259 530 321 595 fuga
332 532 445 582 aberant.
461 535 593 583 Putsclsius.
737 548 822 595 regern
834 535 913 583 verba
924 535 1018 584 facere.
1053 536 1110 586 Hoc
1118 537 1178 586 ideo
1187 538 1262 604 dicit,

203 609 307 668 Murius,
322 608 419 669 sugatis
435 609 560 672 equitibus,
578 609 696 671 adcurrit]
735 611 793 671 quia
812 611 891 672 magis
912 612 1047 659 convenire
1068 613 1212 676 videbator,
1231 619 1268 665 nt'

172 685 219 731 Est
232 684 257 730 in
271 685 325 732 Pal.
339 699 377 746 pr.
388 684 497 744 sugatis:
516 684 696 734 undedactum
735 700 820 746 regem
839 686 968 744 audirent,
987 703 1062 750 quarn
1083 688 1150 750 apud
1171 704 1259 751 regem

172 767 269 821 putem,
281 766 308 807 ut
319 760 343 807 iu
353 761 479 808 nonnullis
486 761 651 821 membranis,
660 763 696 807 in·
735 761 909 822 loquerentur,
920 764 961 822 qui
974 778 1016 809 eos
1026 764 1162 812 acciverat.
1180 764 1247 818 Soti.
1262 782 1266 794 ·

171 835 288 882 veniatur
314 834 439 895 fatigatis:
467 839 541 885 nrale.
571 836 697 900 Loquitur
766 837 907 896 drirersum]
926 838 1111 900 lllouuscripta‚
1129 841 1179 887 Aut
1194 855 1260 889 auer-

171 908 237 956 euim
251 908 283 956 de
303 910 490 966 Numidis‚uon
509 912 540 958 de
560 912 694 959 Romanis:
734 927 783 959 suut
806 914 841 959 uti
855 912 994 974 sterterent:
1021 928 1075 976 pro,
1096 914 1117 962 Α
1142 916 1265 966 Romanii

171 985 237 1046 quod
259 984 298 1032 vel
316 986 377 1033 satis
395 987 490 1035 iudicat
508 989 647 1036 membrum
660 1002 697 1036 se·
735 988 880 1036 alienatum.
914 989 956 1036 lta
968 990 1059 1038 Cicero
1076 990 1107 1037 ad
1126 990 1261 1044 Atticum:

171 1066 278 1125 quens,‘
292 1063 406 1110 adcurrit
418 1064 512 1110 auxilio
523 1062 593 1112 auis!
612 1064 685 1112 Grut.
733 1065 740 1089 ‘
754 1065 804 1114 Oui
815 1066 1001 1114 aversissimus
1019 1080 1060 1113 me
1079 1067 1162 1114 animo
1175 1067 1262 1118 Patris

203 1138 312 1200 Denique
320 1139 395 1186 ludes
405 1140 505 1202 audique
510 1139 576 1200 susi]
592 1139 698 1205 Aliquid
735 1138 783 1187 fuit
794 1139 808 1197 ;'
828 1140 997 1202 pronissime
1011 1142 1102 1189 alieno.
1137 1142 1229 1191 Rivius.

170 1219 230 1260 ante
242 1212 382 1261 desiderari
396 1214 504 1262 videtur.
526 1217 632 1264 croceos.
769 1214 975 1274 t'uiussacuudiae,
992 1232 1037 1264 nou
1052 1216 1118 1263 atati
1132 1231 1262 1266 ememus

204 1287 235 1334 iss
256 1289 343 1350 europis
359 1289 505 1353 potentibus]
535 1288 623 1338 lnl‘ra:
640 1290 697 1339 ‘re·
734 1291 780 1352 est]
804 1290 836 1338 'il
853 1296 887 1338 est
905 1306 956 1338 nou
977 1291 1105 1352 reperitur
1127 1291 1151 1338 in
1173 1306 1269 1341 manu.

172 1368 249 1424 pente
266 1361 292 1409 iu
305 1365 402 1425 campis
422 1364 588 1425 patentibus.'
614 1365 697 1413 Tacit.
735 1366 854 1428 scriptis:
870 1367 906 1414 sie
924 1367 1009 1428 paullo
1022 1374 1089 1428 post,
1107 1367 1199 1425 risurum
1216 1366 1261 1416 alsi

172 1438 241 1486 Hist.
259 1453 289 1486 ιι.
312 1440 356 1487 ‘Si
379 1455 436 1489 curn
456 1441 572 1489 exercitu
594 1442 698 1490 Caecioa
735 1442 876 1491 hodiefere
888 1444 1015 1492 risuruest.
1050 1444 1133 1492 idem.
1266 1487 1268 1491 ,

170 1515 319 1576 patentibus
332 1519 430 1577 campis
440 1525 491 1565 tam
504 1532 599 1578 paucus
611 1517 698 1565 cohor·
770 1519 861 1579 Μαρια
871 1519 936 1567 rolris
946 1519 1032 1567 rutilio
1043 1518 1088 1580 est]
1105 1519 1170 1567 Haec
1183 1519 1263 1568 series

170 1597 210 1638 tes
222 1589 447 1640 circumfudisset!
482 1590 653 1639 Huncioeum
665 1606 698 1639 ae-
737 1593 872 1641 verborum
885 1603 924 1642 est
937 1596 960 1641 iu
973 1595 1155 1656 rnanuscriptis
1173 1604 1201 1643 et
1219 1595 1264 1645 im·

170 1666 281 1713 molatur
290 1665 356 1713 idem
369 1666 394 1713 in
406 1667 458 1714 uita
470 1665 609 1728 Agricola,
619 1667 698 1715 ιΤυιιι
737 1668 830 1729 pressis
842 1671 1034 1719 vetustioribus.
1067 1673 1142 1719 idem.

171 1755 231 1789 vero
244 1741 391 1803 patentibus
403 1741 465 1788 locis
478 1741 574 1803 grande
586 1749 614 1789 et
624 1748 698 1789 atrox
768 1742 845 1789 Simul
856 1742 920 1790 nabis
936 1746 1038 1793 demeres
1048 1746 1153 1794 oculum
1164 1745 1269 1795 necem.

173 1818 361 1879 spectantium,
387 1817 469 1881 sequi,
499 1819 642 1879 vulnerare,
658 1832 699 1867 ca·
735 1817 848 1879 tudinem,
855 1819 946 1879 puriter
956 1825 979 1866 et
991 1825 1014 1867 te
1027 1827 1183 1882 es·rursteus,et
1194 1823 1262 1871 illusa

173 1892 254 1953 pere?
278 1894 352 1941 idem.
734 1892 935 1941 sceleratissimum
952 1894 1069 1956 pomoni]
1087 1895 1117 1942 ln
1136 1897 1264 1945 recentio-

207 1967 345 2030 Nouroudo]
362 1968 392 2015 ld
402 1974 450 2029 est,
458 1969 646 2018 Tantummodo
658 1983 700 2018 co·
737 1966 807 2014 ribus
818 1974 858 2015 est
869 1968 976 2016 alterum
992 1974 1014 2016 et
1029 1970 1160 2029 omissum,
1171 1978 1269 2020 contra.

174 2042 301 2091 nubantur
320 2057 443 2106 surgere:
461 2045 507 2092 sed
519 2045 607 2093 statim
626 2044 700 2094 cade·
736 2049 764 2091 et
775 2050 890 2091 veterum
903 2043 1021 2091 codicum
1033 2043 1118 2107 fidem,
1130 2055 1157 2094 et
1169 2048 1263 2096 oratio·

173 2117 244 2178 bant,
256 2119 316 2182 quis
327 2120 454 2167 vulnerati
465 2127 547 2169 erant.
564 2121 656 2169 Sulcius.
736 2118 774 2167 nis
783 2118 944 2181 elegantiam.
979 2119 1061 2168 Porro
1072 2107 1267 2170 messuitudiusus

206 2196 293 2243 Omnia
302 2211 346 2257 qua
358 2196 423 2242 vissus
433 2200 493 2256 erat,
504 2201 623 2244 cumrato
634 2195 698 2256 telis]
737 2196 879 2254 Sallustius,
889 2203 918 2243 ut
929 2203 988 2243 ante
1001 2194 1083 2257 ipsum
1096 2196 1138 2245 alii
1152 2210 1268 2260 quoque,

171 2270 275 2318 Tacitus
291 2269 383 2318 Annal.
403 2284 432 2317 ιι.
445 2272 452 2298 ‘
466 2273 603 2319 constrata
623 2284 700 2332 equo·
739 2287 784 2334 pro
804 2272 940 2320 serenitate
960 2272 1057 2332 posuit:
1075 2269 1123 2317 lroc
1141 2272 1208 2318 eoiru
1226 2269 1265 2318 di·

174 2361 228 2394 rum
248 2347 408 2410 virorumque
428 2348 577 2409 corporibus
594 2345 701 2394 littora?
738 2347 784 2407 eit,
796 2362 827 2394 ne
848 2346 967 2394 Romanis
986 2345 1165 2393 nenessitatem
1185 2345 1267 2408 impe·

178 2421 285 2469 Ciuecou.
738 2437 813 2470 neres
835 2431 970 2484 utrumque
995 2419 1180 2484 persequendi:
1209 2433 1268 2482 seu,

206 2496 302 2543 Burnus
312 2495 400 2554 infecta
410 2494 535 2556 maguiud
558 2494 701 2554 Xenophon
740 2510 771 2544 ne
783 2494 874 2542 invitos
886 2509 991 2556 cogeres
1006 2496 1133 2543 Rosuauos
1144 2496 1265 2560 persequi

173 2572 199 2618 iu
217 2571 262 2618 lib.
276 2571 308 2624 de
319 2570 457 2632 Agesilao:
474 2567 524 2616 ἔπει
543 2570 563 2616 δ’
582 2567 665 2628 ἔληξεν
687 2567 702 2626 ἡ
740 2578 766 2618 et
778 2575 804 2618 te
823 2576 851 2618 et
867 2569 1038 2633 inpartitum
1055 2585 1113 2618 nam
1124 2570 1265 2620 infinitivus

173 2646 251 2706 μαχὴ,
263 2643 702 2707 παρῆνδὴθεάσασθαιένθασυνέιισον
739 2646 783 2693 ille
799 2645 917 2707 perseqrsi,
939 2659 986 2708 pro
1006 2644 1131 2707 gerundia
1151 2644 1266 2708 ponitur,

173 2722 296 2778 ἀλλήλοις.
311 2721 355 2778 τὴν
369 2720 413 2780 uia
429 2723 475 2782 γῆν
486 2719 701 2784 atuarsaapuppir·
740 2722 832 2770 Graeco
843 2734 922 2771 mere.
947 2720 988 2769 Sic
1007 2726 1035 2769 et
1052 2722 1157 2769 Terent.
1175 2721 1200 2767 in
1213 2719 1268 2771 lle·

172 2815 210 2857 ην,
220 2796 310 2858 νεκροὺς
319 2796 344 2845 δὲ
360 2796 476 2857 assuimus
483 2797 574 2859 φιλίους
585 2796 701 2845 edacia·
738 2811 809 2860 cyra,
827 2795 961 2858 ‘Tempus
978 2795 1144 2845 concedere?
1163 2803 1190 2846 ct
1210 2795 1267 2846 Cae·

173 2873 238 2932 pinus
253 2873 313 2932 ueri
329 2873 450 2935 ἀλλήλων,
471 2874 570 2922 initas
585 2872 610 2922 δὲ
627 2876 701 2922 isare-
738 2888 788 2934 sar,
805 2872 965 2922 ‘Consilium
985 2885 1017 2918 eu
1034 2871 1096 2918 rrrlse
1118 2869 1269 2934 profugere*

174 2949 309 3012 θρυμμέναι,
319 2953 359 3010 isc.
382 2951 434 3001 Qui
442 2950 512 2999 locus
521 2950 599 2997 etiarn
609 2949 641 2997 ad
654 2950 701 2998 Ca·
739 2948 815 3007 dixit,
825 2960 872 3008 pro
883 2944 1047 2994 Concedendi
1059 2951 1086 2992 et
1095 2942 1266 3006 profugiendi.

174 3025 253 3073 tilinae
271 3026 386 3087 praelium
404 3027 521 3086 pertinet
533 3039 556 3072 c.
567 3029 608 3073 61.
641 3024 701 3073 Pet.
738 3023 789 3074 Sed
801 3030 828 3071 et
840 3022 931 3070 Cicero
940 3035 1009 3082 saepe
1018 3027 1058 3068 est
1074 3020 1123 3068 hoc
1133 3019 1272 3080 iuturwua'i.

175 3101 274 3148 Victor.
287 3113 375 3150 xxvu.
388 3105 428 3147 to.
450 3101 524 3148 ideas.
739 3114 808 3147 usus.
842 3098 915 3146 idem.

207 3177 275 3223 Cur.
288 3179 335 3222 102
355 3175 504 3236 Posteoloci]
523 3175 555 3222 ld
571 3181 621 3235 est,
632 3181 702 3236 post·
772 3172 870 3220 Pariter
881 3175 904 3217 te
919 3173 1044 3232 mantem,
1054 3171 1107 3233 tro]
1125 3169 1213 3218 Rivius
1231 3170 1269 3223 im

177 3267 207 3299 ea
227 3267 232 3297 ε
252 3265 309 3298 nam
330 3251 374 3297 loci
392 3250 514 3312 syllabica
526 3249 637 3311 adjectio
654 3255 704 3311 cst,
740 3249 837 3297 tulerat
845 3245 964 3307 copulam
975 3250 1008 3306 et,
1019 3259 1076 3306 quiae
1088 3245 1166 3293 etiam
1182 3246 1208 3294 in
1219 3244 1266 3294 ali·

176 3326 252 3375 sicuti
266 3323 488 3384 diissimegeutiuus.
740 3328 803 3386 quot
824 3321 886 3368 nto.
916 3325 984 3367 nota
1007 3333 1057 3367 nou
1078 3319 1167 3369 bona:
1196 3319 1264 3370 hund
1294 3363 1298 3372 .

209 3401 283 3447 initio
298 3398 416 3460 protectus
433 3396 578 3459 intruderet]
607 3396 704 3460 idest,
741 3398 802 3445 item
815 3396 841 3443 in
851 3395 917 3455 aliis,
928 3407 1010 3457 neque
1029 3402 1068 3443 est
1086 3394 1176 3444 hercle
1192 3408 1266 3444 orna·
1328 3458 1329 3461 Ἴ

176 3473 217 3523 Ad
237 3489 311 3538 qrram
329 3474 452 3522 urbemn
475 3474 600 3537 principio
623 3473 704 3522 diace-
741 3473 797 3531 tui;
831 3484 888 3518 mea
916 3469 1017 3533 quidem
1045 3471 1269 3532 pronuntiatione.

177 3551 240 3599 dens
253 3550 289 3597 ire
300 3549 468 3612 disposuerat.
490 3548 555 3606 uolt.
742 3550 871 3597 Gruterus.

208 3625 334 3684 Profectus
353 3624 496 3686 intenderat]
523 3615 647 3687 Proficisci
669 3623 705 3672 iu·
772 3627 816 3676 Aa
829 3625 880 3685 isac,
896 3623 949 3685 ise]
966 3623 1016 3670 Sed
1031 3630 1057 3670 et
1071 3625 1179 3685 populns
1192 3623 1268 3672 Rem.

178 3699 278 3747 terduru
298 3707 338 3747 est
352 3699 478 3759 desedere,
494 3707 521 3747 et
541 3700 643 3761 incipere
659 3699 705 3746 iter
742 3714 822 3762 usque
839 3714 854 3746 a
872 3697 1009 3761 principio,
1020 3696 1122 3759 quando
1140 3705 1193 3744 erat
1207 3710 1269 3758 pau·

170 3775 260 3832 jacere.
288 3774 374 3822 Livius
384 3777 450 3823 Dec.
463 3786 501 3821 tv.
515 3773 558 3821 lib.
571 3786 595 3820 v.
608 3775 615 3799 ‘
627 3772 705 3823 Quin·
742 3790 798 3839 par,
816 3787 917 3836 semper
928 3772 1017 3819 melius
1035 3785 1090 3818 esse
1110 3771 1213 3833 putavit
1228 3783 1271 3820 ac·

178 3851 299 3913 tius,qu0
320 3850 453 3911 proiectus
476 3857 542 3911 erat,
562 3849 706 3897 Demetria·
743 3848 1041 3915 quirereamieos,quam
1054 3860 1150 3897 servos.
1184 3845 1274 3895 Amici

178 3927 236 3974 dem
263 3925 413 3975 contendit.’
452 3926 562 3973 Plautus
587 3923 705 3971 Aulular.
742 3921 1269 3986 snut,qui.sp0utesecumpopuloRom.

178 4000 293 4060 ‘Nuno‚
321 4014 372 4063 quo
399 3998 528 4061 profectus
555 4014 620 4060 sum,
646 3998 707 4047 ibor
744 4000 913 4062 conjungunt,
932 4007 959 4047 et
978 3999 1034 4062 ejus
1053 3999 1207 4046 societatem
1226 3996 1271 4045 lua·

182 4076 267 4125 Cestii.
745 4076 806 4124 bere
826 4080 967 4124 conantur:
994 4075 1060 4121 servi
1082 4079 1151 4132 sunt,
1171 4070 1215 4135 qui
1231 4084 1271 4120 re-

210 4151 300 4213 Acciri]
319 4150 411 4199 Vocati
427 4166 442 4199 a
459 4165 528 4213 rege.
555 4154 707 4216 Quanquam
745 4151 865 4199 sistentes
878 4150 945 4197 bello
957 4148 1120 4211 subiguntur,
1133 4155 1159 4196 et
1171 4146 1272 4199 subacti

181 4230 257 4279 acciti
275 4227 356 4287 ibant,
374 4234 460 4277 tamen
480 4227 574 4292 placuit
594 4234 654 4277 ante
674 4226 707 4276 ad
744 4224 987 4287 obediuntimperin
998 4237 1060 4287 pop.
1072 4223 1146 4272 Rosa.
1180 4221 1246 4278 Soli.
