3000 5040
390 402 755 454 nnnnnsrrnnnnrrr.
800 389 960 456 osnll.
1076 439 1079 445 .
1165 391 1251 457 529„

129 545 284 596 Adherbalis
301 554 401 612 partem
413 548 540 597 assederit
552 548 659 610 Hiemp-
698 547 742 610 qni
752 547 812 610 qnid
822 548 930 597 albinam
938 549 1016 598 vellet
1025 547 1054 596 τὸ
1061 548 1135 610 jacit,
1146 548 1228 599 minna
1319 599 1321 604 .

128 624 176 674 sal.
206 613 289 673 'Nullo
309 626 376 674 enim
397 632 474 689 paeto
495 623 552 672 lieri
573 623 659 686 potnit
698 622 866 674 intellexerit:
880 626 900 673 is
913 626 992 688 igitar
1004 626 1128 689 deceptus
1140 625 1229 690 specle

129 699 230 749 medius
248 702 385 763 Jrrgnrtlra,
413 701 539 766 siquidem
561 701 612 749 duo
632 700 658 746 lsi
698 699 773 758 recti,
784 707 811 747 rrt
830 709 870 749 est
889 702 1001 763 inscitia,
1020 702 1228 753 substituendum

128 777 241 840 contigui
250 778 384 828 sedebant.
409 781 497 830 Quare
509 779 658 840 paulopost
697 776 810 837 putarit,
832 778 886 824 Ait.
920 778 996 828 Quod
1017 778 1038 825 si
1059 778 1100 827 cui
1121 772 1229 841 vulgati

129 850 281 915 verbam‚in
298 859 389 916 partem
400 853 657 914 alterom,.lngurtlne
696 851 774 900 lectio
797 854 878 914 magis
902 854 1011 914 arridet,
1035 855 1057 902 is
1077 868 1230 916 persuasum

127 926 481 992 scilieetexponendnmes13
497 929 592 991 alioqui
603 927 657 982 Ad·
696 928 744 974 silri
765 929 869 990 lrabeat,
888 929 999 977 animum
1021 944 1107 979 errore
1120 939 1147 979 et
1163 945 1228 982 rane

127 1003 213 1053 herbal
226 1017 253 1052 se
272 1003 378 1054 fecisset
395 1005 518 1064 medium,
535 1004 657 1055 rrndedu·
695 1005 781 1065 specie
798 1012 877 1068 atque
895 1005 1009 1068 imagine
1025 1006 1080 1054 veri
1098 1022 1229 1069 praeoccu-

126 1080 218 1142 gurtha
236 1079 299 1128 nilril
320 1079 422 1128 honoris
442 1080 583 1140 habuisset,
593 1077 657 1127 fros·
695 1087 785 1145 patnm
804 1082 831 1129 in
854 1097 945 1131 caussa
964 1097 1031 1140 esse,
1054 1090 1082 1132 ut
1100 1083 1130 1131 e'r
1143 1083 1227 1134 minus

125 1161 215 1220 uenire
238 1155 374 1220 fatigasset
396 1154 515 1217 fratrem,
534 1163 563 1204 ut
583 1157 656 1206 etatl
694 1158 831 1220 castigatio
848 1165 936 1206 nostra
947 1158 1058 1221 placeat.
1093 1158 1229 1221 11aech

124 1230 290 1281 concederet.
324 1232 464 1281 Glareanus.
694 1243 855 1299 annotarem,
864 1251 922 1284 cunr
935 1250 998 1285 eece
1008 1233 1114 1284 offertor
1123 1241 1150 1284 et
1158 1234 1229 1284 alind

157 1306 251 1356 Deinde
275 1311 353 1356 tamen
376 1312 403 1356 ti
424 1307 492 1356 oelalt'
510 1307 656 1369 concederet]
693 1311 1229 1377 manuscriptam,ioquoipsoidemrepe·

127 1381 313 1449 Mannscripta‚
333 1384 399 1433 Dein
417 1391 495 1433 tornea
503 1402 513 1444 ‚·
528 1401 584 1450 qnae
598 1399 656 1448 par·
694 1390 731 1437 ri:
750 1397 778 1437 nt
785 1391 840 1451 jans
859 1390 942 1437 nullus
953 1389 1090 1451 scrupulas
1103 1387 1229 1452 relinqua·

125 1458 204 1508 ticula
214 1473 276 1508 sene
287 1467 328 1509 est
337 1460 362 1510 in
371 1469 488 1510 veterum
497 1462 600 1525 seriptis
609 1461 658 1510 irc·
695 1469 743 1512 trrr.
775 1466 897 1514 Ceterum
909 1466 1004 1512 decreta
1023 1464 1124 1513 rescindi
1136 1463 1229 1513 sallas·

125 1551 217 1599 quens:
235 1538 272 1586 ita
289 1545 386 1602 postea,
396 1540 404 1567 ‘
416 1541 485 1589 Dein
497 1540 554 1589 loca
565 1545 657 1589 exusta
695 1540 755 1601 rins,
764 1555 811 1603 pro
821 1541 893 1589 irrite
902 1539 1105 1606 infectoqaefieri,
1117 1541 1171 1589 sive
1180 1555 1226 1604 pro

126 1612 185 1660 solis
202 1613 362 1662 ardoribus&
386 1629 443 1663 nani
466 1616 504 1663 sie
523 1612 659 1678 exemplar
695 1615 772 1663 irritis
791 1616 871 1664 deberi
890 1615 975 1665 dixit:
993 1617 1121 1681 qrromodo
1143 1624 1171 1666 et
1183 1616 1228 1667 ei·

127 1689 339 1751 manuscriptum.
357 1689 401 1737 nbi
423 1689 499 1738 lindie
519 1688 586 1749 fere,
610 1691 658 1738 De·
696 1691 904 1751 cero‚‘Cesaris
915 1700 973 1740 acta
994 1691 1148 1753 rescindere,
1165 1687 1226 1742 conl

127 1763 190 1811 inde.
225 1764 448 1827 nterseburgensis
465 1767 556 1827 codes,
567 1766 660 1816 Deliae
697 1766 791 1815 stituta
807 1767 839 1813 alr
860 1766 911 1814 alio
930 1768 1084 1828 rescindere,
1100 1768 1227 1830 judiciam

127 1844 206 1889 temen
217 1844 243 1889 at
255 1841 382 1903 eistete.
416 1841 514 1890 Rivius.
698 1842 739 1890 vel
759 1857 799 1890 res
816 1841 949 1905 judicatus
968 1842 1134 1903 rescindere,'
1149 1850 1226 1907 atqne

164 1915 213 1964 Vix
222 1916 247 1964 ia
258 1917 358 1966 alternas
372 1921 466 1980 partera
476 1918 597 1964 teodertus
612 1916 659 1979 est]
696 1919 744 1967 lsoe
763 1933 843 1981 genus
865 1919 925 1981 alie,
946 1933 993 1983 pro
1004 1918 1135 1983 insternere,
1146 1917 1227 1971 diest

128 1992 159 2040 ln
171 1993 352 2056 manuscriptis
362 2000 410 2055 est,
422 1995 580 2044 transductus.
590 1993 657 2058 quod
694 2011 756 2058 oere,
777 1995 930 2055 labefactare:
946 2010 1004 2043 nam
1023 1996 1062 2044 his
1084 1996 1168 2046 verbis
1188 1994 1226 2047 in'·
1247 1979 1253 2000 x

126 2068 308 2132 antiquitatem
318 2069 398 2132 magis
411 2068 521 2130 redolet,
542 2076 569 2118 et
588 2067 656 2132 apud
694 2072 796 2121 terdirm
807 2071 899 2121 eodem
911 2071 988 2120 modo
999 2078 1039 2120 est
1051 2085 1119 2121 usus.
1133 2071 1137 2081 '
1149 2073 1225 2123 Idem.

124 2145 274 2200 Terentium
306 2151 334 2193 et
361 2146 490 2195 Caesarem
519 2145 655 2208 reperitur.
726 2147 901 2203 &Membris
919 2148 945 2195 in
959 2151 1042 2210 pertus
1052 2147 1227 2208 degartlseol·

129 2223 203 2273 Iden.
691 2223 825 2285 timenem
839 2224 960 2286 qnisquam
971 2226 1039 2269 roias
1058 2227 1119 2282 eret,
1136 2223 1228 2271 dereeass

158 2301 197 2350 Ibi
207 2305 260 2350 erra
271 2303 344 2350 melin
364 2304 392 2351 de
409 2302 595 2350 administrando
611 2301 654 2350 ias·
691 2299 741 2361 dit]
757 2298 916 2361 Legendum,
927 2311 996 2361 qaam
1015 2297 1136 2359 canoram
1152 2303 1227 2357 rotas,

124 2378 190 2438 perio
209 2379 358 2438 dissererent,
367 2378 491 2439 ‚legnrtlm
511 2381 575 2426 inter
596 2378 656 2425 oliae
694 2373 840 2422 omissoillo
850 2372 931 2422 verbo
942 2378 1008 2421 eret.-
1019 2372 1087 2436 qnod
1099 2387 1130 2421 ex
1143 2370 1227 2436 glossa¹

126 2466 164 2499 res
173 2453 219 2511 eit,
235 2457 339 2513 oportere
357 2453 510 2516 quinquennii
520 2453 624 2500 conmitti
633 2456 656 2501 el
694 2449 778 2510 inepti
789 2449 896 2511 alicujus
918 2457 945 2496 et
964 2449 1054 2497 insulsi
1074 2450 1227 2502 litteratoris

125 2528 219 2574 decreto
230 2526 428 2589 omnicrerrt'ndi]
440 2528 659 2589 illennecriptum,
695 2525 830 2588 irrepsisse
849 2525 926 2574 eredo
939 2526 965 2573 in
987 2533 1146 2578 contextum.
1162 2525 1165 2530 ’
1180 2529 1227 2578 nt·

126 2603 190 2653 iater
199 2604 259 2652 elios
269 2603 462 2667 reejoeitrpro,
472 2604 540 2651 inter
552 2603 601 2651 alia
610 2603 657 2651 hoe
695 2601 755 2649 rias.
1221 2599 1226 2625 ²

127 2679 255 2741 significat
277 2686 304 2729 et
328 2679 421 2740 innuit,
444 2688 565 2742 oportere
586 2679 658 2743 qnin-
729 2675 1224 2740 Qsmqaieqromraturerot,deseendit]

126 2755 230 2818 qnennii
247 2756 373 2819 consulta,
384 2760 433 2804 &c
452 2770 509 2804 nam
522 2755 559 2804 sic
580 2755 657 2805 inter·
694 2753 803 2801 secatus
821 2753 984 2816 antiquorum
1002 2752 1119 2802 codicum
1136 2752 1224 2819 iidem,

127 2820 186 2879 duni
198 2831 245 2878 lroc
255 2831 335 2879 verbo
347 2832 449 2882 ntimur.
476 2830 531 2879 Cic.
542 2830 573 2879 ad
587 2830 656 2881 Arri·
694 2829 775 2878 loram
792 2829 859 2878 hunc
871 2830 908 2879 sie
919 2825 1020 2893 scripsi,
1031 2829 1152 2879 damnate
1168 2832 1223 2881 rnl·

125 2921 182 2956 eum
203 2922 233 2957 rr.
255 2910 262 2935 ‘
282 2907 333 2956 Sed
354 2907 417 2956 illud
440 2906 500 2971 quid
523 2907 565 2970 sit,
588 2895 655 2957 seire
693 2914 752 2968 gata
773 2907 898 2966 lectione,
921 2907 947 2953 in
969 2921 1021 2969 qua
1043 2905 1149 2954 verbnm
1171 2911 1225 2954 erat

126 2984 210 3046 cupio,
226 2985 294 3048 quod
303 2984 371 3047 jacis
383 2984 502 3042 obscure,
509 2985 564 3047 jam
576 2986 655 3034 etiam
693 2983 813 3030 omissum
823 2989 871 3030 est.
907 2980 973 3029 Nam
986 2981 1064 3042 panio
1076 2988 1147 3040 ente,
1156 2982 1163 3006 ‘
1172 2980 1225 3029 Sed

126 3072 159 3108 ex
171 3060 232 3121 ipsis
244 3061 427 3124 quinqueviris
441 3061 511 3124 loqui
523 3060 654 3124 quosdam.
693 3071 725 3105 ea
744 3072 786 3105 res
807 3058 882 3120 longe
904 3056 991 3114 aliter,
1011 3068 1041 3102 ac
1064 3062 1134 3102 ratus
1161 3063 1226 3119 erat,
1252 3056 1258 3074 ⁸

128 3134 258 3184 Quidnam
270 3134 296 3182 id
307 3135 369 3183 esti*
386 3149 444 3197 pro,
459 3135 527 3198 quod
547 3137 655 3185 obscure
693 3132 797 3182 evenit!
832 3133 918 3182 (lirare
938 3130 1041 3178 minime
1072 3130 1122 3177 illis
1141 3134 1226 3180 asseass

129 3216 156 3257 et
174 3215 244 3258 terte
264 3208 401 3271 significas.
432 3210 462 3257 T.
472 3210 610 3258 Liviusvr.
623 3212 655 3259 alr
694 3209 754 3267 tior,
764 3207 807 3271 qai
818 3207 924 3255 verbnm
936 3211 996 3267 eret,
1007 3220 1038 3255 ea
1049 3206 1131 3269 glossa
1141 3207 1227 3272 inepti

128 3285 161 3334 U.
174 3285 203 3334 C.
219 3284 330 3332 ‘Adhuc
349 3285 417 3334 domi
436 3286 611 3335 concionantis
629 3286 655 3336 in
693 3284 802 3346 alicujus
820 3290 848 3331 et
864 3283 956 3333 insulsi
973 3283 1123 3332 litteratoris
1139 3280 1224 3350 irrep·⁴

127 3363 230 3412 modum
242 3376 374 3410 terniones
390 3361 460 3425 pleni
478 3363 611 3412 criminum
630 3365 655 3412 in
692 3360 866 3424 sissepntant.
901 3359 996 3422 l'opmo.

127 3447 221 3503 patrea.
256 3439 402 3502 lnterqrros
417 3454 475 3488 cum
494 3439 585 3488 omisso
604 3440 656 3490 dis·
724 3436 1020 3500 Alties,qeomqrsisqrrorn
1033 3432 1229 3498 rannerowlel

126 3516 232 3565 crimine
244 3530 305 3564 vera
316 3530 347 3563 an
358 3530 420 3565 vana
426 3517 540 3580 jaceret,
557 3518 656 3566 tlresan·
693 3512 794 3576 teeadit]
819 3515 878 3563 Non
901 3514 976 3562 video
993 3528 1040 3561 cur
1062 3514 1161 3576 l'opma
1184 3513 1222 3565 ita

128 3606 169 3640 ros
181 3592 274 3642 Gallici
287 3593 342 3640 auri
362 3595 487 3642 occultari
506 3610 520 3641 a
540 3594 656 3656 patribus
694 3605 809 3653 pugnare
818 3591 912 3639 debeat
926 3591 1071 3656 proscenia
1082 3597 1147 3639 etot:
1160 3591 1223 3641 milti

124 3669 189 3731 jecit
200 3669 215 3727 3'
238 3668 467 3739 pro,significarit,
485 3669 611 3732 quomodo
628 3678 656 3720 et
694 3682 764 3728 sene,
777 3681 850 3730 aeqrre
863 3682 892 3715 ac
907 3667 992 3724 liiiio,
1010 3666 1087 3713 notha
1103 3667 1222 3727 videtur;

126 3744 190 3792 alias
201 3743 278 3793 idern.
310 3744 361 3793 Sed
373 3752 400 3793 et
411 3745 491 3794 verbo
502 3745 598 3805 jactare
614 3745 656 3794 Li·
693 3752 855 3807 argunntque
876 3744 1015 3806 ipsammet
1034 3744 1097 3795 tls«.
1118 3759 1177 3793 narn
1195 3737 1223 3790 in‘

128 3820 184 3867 vius
202 3819 226 3866 in
239 3819 327 3867 eodem
339 3819 483 3883 significato
496 3822 586 3869 utitur.
619 3821 657 3870 Ut
694 3820 844 3884 quibusdam
857 3820 910 3882 ejas
922 3822 977 3868 loco
998 3828 1130 3882 comparet
1148 3821 1224 3866 esset:

128 3893 657 3945 r.abll.C.‘.lactantibusnonobscnre
695 3905 767 3945 certe
790 3897 863 3945 abest
884 3897 969 3945 Palnt.
1000 3905 1111 3945 octavo:
1138 3905 1223 3955 neque

128 3969 301 4031 Gallis,lsaud
322 3984 411 4033 magna
430 3971 549 4021 mercede
566 3986 593 4020 se
612 3970 657 4020 atl-
695 3975 772 4037 crrlpo
799 3975 947 4023 Carrionenr
982 3972 1050 4036 quod
1083 3968 1225 4018 excluserit

128 4047 187 4096 dnci
197 4062 282 4112 posse,
293 4053 320 4093 ut
330 4045 483 4096 obsidionem
493 4046 657 4111 relinquant!
695 4049 809 4098 editione
819 4065 880 4098 ersa:
899 4050 967 4097 idem
985 4055 1012 4095 et
1031 4047 1086 4105 ipse
1099 4043 1223 4105 lacrimas,

129 4126 252 4188 Fatapnd
265 4124 395 4174 'l'ncitnm
411 4126 523 4176 ‘decere
535 4125 657 4175 fortuitos
696 4118 741 4173 uot'
763 4140 906 4186 cognovero
926 4126 1016 4171 abesse
1044 4119 1121 4164 etiam
1147 4118 1224 4169 alteri

130 4202 281 4250 sermonesr'
299 4203 315 4251 l.
328 4217 353 4250 v.
374 4200 460 4261 idem,
475 4203 519 4252 ‘Si
536 4218 587 4267 qua
607 4203 657 4251 dis·
696 4200 772 4249 alicui
792 4200 844 4248 Me.
864 4200 929 4247 haud
943 4197 1010 4245 enim
1024 4192 1097 4240 nnius
1110 4188 1227 4246 testimoi

130 4275 221 4326 cordes
228 4276 371 4341 jecissent'
382 4277 473 4343 inquit.
506 4276 566 4327 run
579 4276 658 4326 eredo
696 4275 739 4323 nio
748 4273 868 4323 standum
878 4279 950 4336 puto,
956 4267 1006 4318 etsi
1012 4268 1223 4325 innocentissimi.

148 4355 153 4363 ’
193 4354 279 4421 nepa.
290 4362 315 4406 et
328 4357 385 4409 l'arr.
397 4358 463 4407 ctae.
636 4353 734 4405 Sallust.
1104 4356 1119 4401 2
1137 4354 1159 4404 t
