3000 5040
595 412 628 460 ο.
643 412 676 460 ο.
691 404 899 462 sauaosrtr.
963 423 968 463 r
1237 394 1303 464 818

255 553 323 620 [cs
352 569 401 619 ιν.
426 551 610 617 Orsciones
640 549 852 616 Catilinarios
885 551 928 616 de
950 550 1110 629 Ciceron,
1136 551 1218 618 trad
1241 572 1303 637 par

210 656 359 736 loguno,
373 656 439 718 ato
456 653 599 718 ltladrid.
615 653 711 718 1796.
1295 687 1302 713 .

251 755 321 820 The
337 755 476 838 History
490 755 530 818 of
546 754 714 821 Catiline's
728 753 945 839 Conspiracy‚
959 755 1040 821 with
1058 756 1111 820 the
1130 756 1203 820 iour
1218 705 1303 823 Oiae

209 857 294 921 tions
308 857 347 920 os
361 854 498 921 Cicero:
523 858 569 940 by
583 856 667 920 Geo
683 854 779 919 Fred
795 855 937 939 symey,
950 857 1027 921 tivo.
1041 854 1148 919 Lond.
1163 857 1303 921 1795.-

103 987 105 992 .
208 956 452 1041 Subjnnguntur
468 956 569 1020 Notae
584 961 617 1018 et
631 955 883 1019 illustrationes.

251 1058 324 1122 Sint
337 1060 437 1122 etiam
452 1057 510 1139 qui
528 1057 614 1118 inter
634 1053 709 1116 lraec
732 1072 943 1117 annumerare
965 1056 1087 1120 vellent
1105 1075 1208 1138 opera
1222 1075 1301 1141 quta

207 1177 326 1240 magna
339 1178 382 1221 ex
397 1164 492 1240 parte
506 1156 572 1218 iere
587 1154 775 1217 deriventur
789 1172 810 1215 a
824 1154 999 1219 Sallustio:
1022 1155 1168 1238 exempli
1187 1159 1301 1239 gratia,

207 1257 374 1323 Catiline’s
404 1258 619 1338 Conspiracy,
651 1255 681 1318 o¹
697 1253 874 1336 'i'ragedy3
913 1274 935 1317 a
962 1262 1074 1320 nostro
1104 1256 1302 1341 Benjamiuo

205 1358 342 1435 Jonson,
356 1359 426 1421 dto.
442 1356 549 1420 Lond.
563 1356 661 1420 1611.
705 1352 840 1437 Quippe
864 1356 1028 1437 tragoedia
1053 1357 1126 1422 lroec
1156 1357 1254 1434 (adeo
1279 1376 1303 1423 a

205 1457 417 1541 Shalrspearii
431 1457 542 1521 Julius
556 1455 672 1521 Ceasar
693 1461 727 1520 et
745 1454 882 1541 ‘Antony
903 1457 968 1521 and
988 1456 1165 1541 Cleopatra
1179 1456 1302 1543 differt)
1354 1498 1358 1515 ι

204 1560 311 1640 magis
324 1563 375 1622 est
389 1557 474 1621 Belli
489 1556 673 1621 Catilinarii
687 1558 796 1622 versio
817 1555 868 1642 (et
886 1559 933 1623 ita
946 1557 1077 1623 Jonson
1091 1579 1127 1622 se
1149 1560 1253 1640 gessit
1265 1559 1301 1626 iri
1337 1641 1339 1645 ἢ

204 1659 293 1736 aliis)
306 1679 404 1742 quam
415 1658 552 1741 poetica
561 1659 616 1723 vel
625 1658 803 1723 dramatico
817 1660 925 1724 civilis
940 1662 1110 1736 tumultus,
1121 1659 1301 1728 secundum

205 1764 253 1837 τὴν
266 1762 325 1845 ’Ἀρι
328 1784 411 1822 crore
400 1757 477 1832 ἕλους
490 1759 609 1838 ποίησιν,
624 1761 774 1825 imitatio
813 1761 858 1825 Et
876 1763 924 1826 ita
937 1761 978 1825 tie
991 1762 1049 1826 iila
1062 1766 1302 1827 commentata!

204 1866 256 1927 est
270 1858 457 1944 Drydenus

248 1961 356 2026 Hisce
372 1961 506 2027 omissis
519 1962 555 2026 in
567 1961 823 2045 Bipontinorum
837 1958 954 2025 Indice
975 1960 1202 2029 additamenta
1221 1965 1300 2030 sub-

200 2063 335 2146 jicimus
350 2082 482 2147 panca:

247 2163 400 2248 Ipsorum
425 2164 678 2247 Bipontinorum
701 2159 926 2246 (Deuxponts'
941 2161 1017 2226 8vo.
1040 2158 1155 2244 1781).)
1174 2161 1301 2228 edit.-

110 2279 118 2294 ·
206 2262 375 2346 Bipontini
403 2264 550 2329 editores
580 2263 623 2325 ab
652 2262 748 2327 initio
774 2263 917 2346 professi
946 2267 1020 2327 sunt
1046 2283 1108 2346 pro
1135 2264 1210 2327 basi
1236 2284 1300 2331 sua

204 2365 348 2446 optimas
383 2370 554 2429 auctorum
583 2365 796 2428 classicorum
832 2364 995 2429 editiones
1024 2363 1201 2446 occipere:
1237 2364 1299 2430 sed

204 2472 317 2530 tamen
330 2485 424 2528 suum
435 2465 598 2548 judicium
609 2466 699 2549 quod
709 2466 752 2530 ad
763 2467 932 2531 variantes
947 2466 1110 2531 lectiones
1119 2471 1188 2529 tam
1202 2466 1299 2532 codd.

204 2565 371 2629 Mstorum
385 2586 486 2648 quam
499 2574 649 2631 veterum
663 2566 844 2631 editionum
859 2586 1032 2643 exercere,
1047 2584 1117 2643 eas,
1141 2587 1218 2649 qum
1238 2586 1300 2650 op·

203 2670 290 2733 timae
308 2668 534 2753 judicarentur
548 2667 721 2745 editiones,
736 2686 801 2730 non
825 2667 859 2731 in
881 2668 1033 2733 omnibus
1052 2684 1115 2730 nec
1134 2668 1299 2735 serviliter

203 2769 361 2834 secuturi.
390 2767 467 2847 Quo
482 2777 584 2845 recte,
600 2788 668 2852 quo
681 2788 795 2851 prave,
810 2787 877 2832 non
890 2769 946 2834 hic
958 2770 1036 2834 loci.

245 2872 496 2954 Bipontinorum
525 2870 667 2953 repetite
695 2869 810 2948 editio,
838 2889 958 2954 nempe
988 2872 1085 2936 tertio
1113 2870 1297 2953 recognita,
1421 2924 1422 2927 ,

202 2972 386 3047 emendata,
397 2978 431 3035 et
444 2972 621 3035 illustrata.
647 2971 735 3037 Haec
745 2973 867 3055 prodiit
878 2973 1143 3055 precedentibus
1157 2974 1297 3051 auctior,

201 3073 279 3138 8vo.
294 3070 518 3154 Argentorati,
541 3072 602 3135 sed
621 3090 667 3133 ex
685 3071 806 3136 studiis
828 3080 863 3137 ct
882 3074 1103 3157 typographia
1117 3073 1298 3139 Societatis

202 3173 403 3255 Bipontinae‚
419 3172 515 3235 1807.

244 3273 282 3339 G.
306 3274 344 3337 C.
368 3275 517 3339 Sallustii
541 3274 761 3339 Historiarum
784 3276 859 3339 libri
889 3292 945 3339 ιιι.
969 3276 1198 3359 Fragmentum
1220 3295 1296 3340 cum

201 3375 347 3457 quinque
362 3375 440 3438 aliis
450 3377 484 3439 in
496 3374 706 3439 Bibliotheca
716 3375 870 3439 Parisino
882 3378 960 3441 olim
976 3388 1162 3459 repertum:
1177 3376 1296 3440 edente

198 3472 221 3537 J
225 3518 233 3535 .
248 3475 293 3540 G.
309 3476 469 3559 Kreyssis
488 3475 768 3559 avc-Reperio
781 3475 923 3540 Schneb.
938 3477 1035 3541 1811.

243 3574 284 3639 C.
298 3573 338 3640 C.
354 3576 500 3639 Sallustii
525 3576 649 3659 Opere,
671 3579 824 3659 exceptis
849 3577 1066 3657 Fragments,
1082 3577 1213 3642 omnia:
1240 3577 1296 3645 ed.

200 3677 366 3742 Henricus
394 3676 580 3741 Kunhardt.
608 3677 631 3739 2
658 3677 726 3741 vol.
753 3678 829 3741 8vo.
858 3677 952 3759 Lips.
981 3676 1297 3765 1812-Prooemia

197 3779 307 3854 habet,
321 3783 356 3842 et
368 3785 483 3859 notas;
505 3786 537 3843 ct
550 3785 601 3844 est
615 3779 767 3863 repetitio
781 3779 859 3844 edit
876 3779 971 3843 1790.
987 3778 1029 3842 de
1043 3799 1111 3863 qna
1123 3780 1295 3863 Bipontini

198 3881 232 3944 in
245 3881 332 3944 loco.

241 3981 283 4045 In
297 3981 409 4065 Opere
425 3982 613 4046 Posthume
630 3982 666 4046 di
680 3982 831 4047 Vittorio
845 3981 973 4060 Allieri,
988 3982 1121 4046 Tomos
1138 4000 1189 4045 ιν.
1203 4002 1297 4048 com·

197 4082 355 4164 plectitur
377 4085 566 4149 versionem
589 4082 667 4146 Ital.
688 4083 844 4147 Sallustii
860 4083 901 4146 de
917 4082 1005 4147 Bell.
1021 4082 1157 4147 Catilin.
1173 4090 1209 4147 et
1228 4083 1293 4149 Ju·

196 4184 304 4264 gurth.
334 4204 410 4248 cum
437 4185 529 4250 brevi
556 4184 750 4268 praelatione
778 4185 983 4269 interpretis,
1024 4189 1059 4248 at
1087 4185 1160 4250 sine
1189 4187 1294 4252 notis.

183 4284 307 4349 'Lond.
322 4284 419 4350 1814.
