<?xml version="1.0" encoding="UTF-8"?>
<!DOCTYPE html PUBLIC "-//W3C//DTD XHTML 1.0 Transitional//EN"
    "http://www.w3.org/TR/xhtml1/DTD/xhtml1-transitional.dtd">
<html xmlns="http://www.w3.org/1999/xhtml" xml:lang="en" lang="en">
 <head>
  <title>
</title>
<meta http-equiv="Content-Type" content="text/html;charset=utf-8" />
  <meta name='ocr-system' content='tesseract 3.04.00' />
  <meta name='ocr-capabilities' content='ocr_page ocr_carea ocr_par ocr_line ocrx_word'/>
</head>
<body>
  <div class='ocr_page' id='page_1' title='image "./ccrispisallusti00sallgoog_0305.png"; bbox 0 0 3000 5040; ppageno 0'>
   <div class='ocr_carea' id='block_1_1' title="bbox 426 369 1204 443">
    <p class='ocr_par' dir='ltr' id='par_1_1' title="bbox 426 369 1204 443">
     <span class='ocr_line' id='line_1_1' title="bbox 426 369 1204 443; baseline 0.015 -19"><span class='ocrx_word' id='word_1_1' title='bbox 426 390 428 394; x_wconf 16' lang='grc' dir='ltr'><em>Α</em></span> <span class='ocrx_word' id='word_1_2' title='bbox 456 373 702 443; x_wconf 80' lang='lat' dir='ltr'><strong>snsnrrsnrs,</strong></span> <span class='ocrx_word' id='word_1_3' title='bbox 726 380 799 430; x_wconf 85' lang='lat' dir='ltr'><strong>ms.</strong></span> <span class='ocrx_word' id='word_1_4' title='bbox 822 380 866 431; x_wconf 85' lang='lat' dir='ltr'><strong>rr.</strong></span> <span class='ocrx_word' id='word_1_5' title='bbox 1137 369 1204 436; x_wconf 77' lang='lat' dir='ltr'><strong>rot</strong></span> 
     </span>
    </p>
   </div>
   <div class='ocr_carea' id='block_1_2' title="bbox 101 518 1224 2182">
    <p class='ocr_par' dir='ltr' id='par_1_2' title="bbox 101 518 1207 955">
     <span class='ocr_line' id='line_1_2' title="bbox 109 518 1205 589; baseline 0.005 -18"><span class='ocrx_word' id='word_1_6' title='bbox 109 522 150 571; x_wconf 87' lang='lat' dir='ltr'><strong>cie</strong></span> <span class='ocrx_word' id='word_1_7' title='bbox 171 521 273 584; x_wconf 79' lang='lat' dir='ltr'><strong>vestigii</strong></span> <span class='ocrx_word' id='word_1_8' title='bbox 294 518 397 570; x_wconf 86' lang='lat' dir='ltr'><strong>humsni</strong></span> <span class='ocrx_word' id='word_1_9' title='bbox 418 522 525 574; x_wconf 79' lang='lat' dir='ltr'><strong>tradunt</strong></span> <span class='ocrx_word' id='word_1_10' title='bbox 544 523 638 574; x_wconf 70' lang='lat' dir='ltr'><strong>fuisse!</strong></span> <span class='ocrx_word' id='word_1_11' title='bbox 672 523 811 572; x_wconf 81' lang='lat' dir='ltr'><strong>Senatum:</strong></span> <span class='ocrx_word' id='word_1_12' title='bbox 828 523 1060 574; x_wconf 84' lang='lat' dir='ltr'><strong>‘Castrahostlum</strong></span> <span class='ocrx_word' id='word_1_13' title='bbox 1072 526 1141 589; x_wconf 82' lang='lat' dir='ltr'><strong>apud</strong></span> <span class='ocrx_word' id='word_1_14' title='bbox 1158 527 1205 577; x_wconf 72' lang='lat' dir='ltr'><strong>Bu·</strong></span> 
     </span>
     <span class='ocr_line' id='line_1_3' title="bbox 109 592 1205 665; baseline 0.005 -18"><span class='ocrx_word' id='word_1_15' title='bbox 109 596 236 661; x_wconf 73' lang='lat' dir='ltr'><strong>Apuleius</strong></span> <span class='ocrx_word' id='word_1_16' title='bbox 256 599 288 665; x_wconf 83' lang='lat' dir='ltr'><strong>de</strong></span> <span class='ocrx_word' id='word_1_17' title='bbox 300 599 371 647; x_wconf 88' lang='lat' dir='ltr'><strong>asino</strong></span> <span class='ocrx_word' id='word_1_18' title='bbox 388 613 426 646; x_wconf 81' lang='lat' dir='ltr'><strong>rv-</strong></span> <span class='ocrx_word' id='word_1_19' title='bbox 444 601 514 649; x_wconf 75' lang='lat' dir='ltr'><strong>‘lla</strong></span> <span class='ocrx_word' id='word_1_20' title='bbox 533 600 636 649; x_wconf 79' lang='lat' dir='ltr'><strong>arbores</strong></span> <span class='ocrx_word' id='word_1_21' title='bbox 674 613 777 648; x_wconf 86' lang='lat' dir='ltr'><strong>cronem</strong></span> <span class='ocrx_word' id='word_1_22' title='bbox 788 592 877 662; x_wconf 82' lang='lat' dir='ltr'><strong>capta,</strong></span> <span class='ocrx_word' id='word_1_23' title='bbox 896 605 923 650; x_wconf 85' lang='lat' dir='ltr'><strong>et</strong></span> <span class='ocrx_word' id='word_1_24' title='bbox 935 601 1051 663; x_wconf 80' lang='lat' dir='ltr'><strong>praelium</strong></span> <span class='ocrx_word' id='word_1_25' title='bbox 1070 604 1139 665; x_wconf 90' lang='lat' dir='ltr'><strong>apud</strong></span> <span class='ocrx_word' id='word_1_26' title='bbox 1157 601 1205 653; x_wconf 84' lang='lat' dir='ltr'><strong>flu·</strong></span> 
     </span>
     <span class='ocr_line' id='line_1_4' title="bbox 108 672 1205 739; baseline 0.009 -19"><span class='ocrx_word' id='word_1_27' title='bbox 108 674 135 721; x_wconf 93' lang='lat' dir='ltr'><strong>iu</strong></span> <span class='ocrx_word' id='word_1_28' title='bbox 153 673 217 721; x_wconf 90' lang='lat' dir='ltr'><strong>lauri</strong></span> <span class='ocrx_word' id='word_1_29' title='bbox 237 672 329 722; x_wconf 80' lang='lat' dir='ltr'><strong>faciem</strong></span> <span class='ocrx_word' id='word_1_30' title='bbox 350 676 450 738; x_wconf 82' lang='lat' dir='ltr'><strong>prolixe</strong></span> <span class='ocrx_word' id='word_1_31' title='bbox 470 674 575 737; x_wconf 75' lang='lat' dir='ltr'><strong>loliatus,</strong></span> <span class='ocrx_word' id='word_1_32' title='bbox 593 690 636 739; x_wconf 87' lang='lat' dir='ltr'><strong>pa·</strong></span> <span class='ocrx_word' id='word_1_33' title='bbox 673 689 732 723; x_wconf 85' lang='lat' dir='ltr'><strong>men</strong></span> <span class='ocrx_word' id='word_1_34' title='bbox 744 675 861 737; x_wconf 88' lang='lat' dir='ltr'><strong>Durium,</strong></span> <span class='ocrx_word' id='word_1_35' title='bbox 873 683 901 726; x_wconf 84' lang='lat' dir='ltr'><strong>et</strong></span> <span class='ocrx_word' id='word_1_36' title='bbox 912 677 964 724; x_wconf 80' lang='lat' dir='ltr'><strong>dux</strong></span> <span class='ocrx_word' id='word_1_37' title='bbox 984 677 1095 726; x_wconf 89' lang='lat' dir='ltr'><strong>hostium</strong></span> <span class='ocrx_word' id='word_1_38' title='bbox 1106 680 1136 728; x_wconf 89' lang='lat' dir='ltr'><strong>C.</strong></span> <span class='ocrx_word' id='word_1_39' title='bbox 1149 680 1205 730; x_wconf 84' lang='lat' dir='ltr'><strong>He-</strong></span> 
     </span>
     <span class='ocr_line' id='line_1_5' title="bbox 109 747 1207 816; baseline 0.005 -17"><span class='ocrx_word' id='word_1_40' title='bbox 109 747 178 799; x_wconf 82' lang='lat' dir='ltr'><strong>n&#39;unt</strong></span> <span class='ocrx_word' id='word_1_41' title='bbox 197 751 222 798; x_wconf 92' lang='lat' dir='ltr'><strong>lu</strong></span> <span class='ocrx_word' id='word_1_42' title='bbox 243 750 345 798; x_wconf 86' lang='lat' dir='ltr'><strong>modum</strong></span> <span class='ocrx_word' id='word_1_43' title='bbox 367 750 435 799; x_wconf 87' lang='lat' dir='ltr'><strong>lloris</strong></span> <span class='ocrx_word' id='word_1_44' title='bbox 459 752 558 800; x_wconf 89' lang='lat' dir='ltr'><strong>inodori</strong></span> <span class='ocrx_word' id='word_1_45' title='bbox 579 766 638 816; x_wconf 88' lang='lat' dir='ltr'><strong>por·</strong></span> <span class='ocrx_word' id='word_1_46' title='bbox 675 752 777 799; x_wconf 82' lang='lat' dir='ltr'><strong>rennins</strong></span> <span class='ocrx_word' id='word_1_47' title='bbox 789 766 847 800; x_wconf 91' lang='lat' dir='ltr'><strong>cum</strong></span> <span class='ocrx_word' id='word_1_48' title='bbox 859 751 924 800; x_wconf 88' lang='lat' dir='ltr'><strong>urbe</strong></span> <span class='ocrx_word' id='word_1_49' title='bbox 934 754 1067 815; x_wconf 86' lang='lat' dir='ltr'><strong>Valentia,</strong></span> <span class='ocrx_word' id='word_1_50' title='bbox 1086 763 1113 804; x_wconf 82' lang='lat' dir='ltr'><strong>et</strong></span> <span class='ocrx_word' id='word_1_51' title='bbox 1132 769 1207 805; x_wconf 59' lang='lat' dir='ltr'><strong>exer*</strong></span> 
     </span>
     <span class='ocr_line' id='line_1_6' title="bbox 109 826 1205 891; baseline 0.007 -18"><span class='ocrx_word' id='word_1_52' title='bbox 109 831 194 875; x_wconf 81' lang='lat' dir='ltr'><strong>rectos</strong></span> <span class='ocrx_word' id='word_1_53' title='bbox 213 827 334 875; x_wconf 80' lang='lat' dir='ltr'><strong>rollrulos</strong></span> <span class='ocrx_word' id='word_1_54' title='bbox 349 826 449 876; x_wconf 82' lang='lat' dir='ltr'><strong>morllce</strong></span> <span class='ocrx_word' id='word_1_55' title='bbox 469 827 639 890; x_wconf 59' lang='lat' dir='ltr'><strong>puniremus?</strong></span> <span class='ocrx_word' id='word_1_56' title='bbox 675 828 729 877; x_wconf 79' lang='lat' dir='ltr'><strong>ritu</strong></span> <span class='ocrx_word' id='word_1_57' title='bbox 748 828 838 891; x_wconf 84' lang='lat' dir='ltr'><strong>deleti,</strong></span> <span class='ocrx_word' id='word_1_58' title='bbox 863 830 925 878; x_wconf 84' lang='lat' dir='ltr'><strong>satis</strong></span> <span class='ocrx_word' id='word_1_59' title='bbox 943 831 1013 879; x_wconf 91' lang='lat' dir='ltr'><strong>clara</strong></span> <span class='ocrx_word' id='word_1_60' title='bbox 1036 830 1108 880; x_wconf 82' lang='lat' dir='ltr'><strong>robis</strong></span> <span class='ocrx_word' id='word_1_61' title='bbox 1127 830 1205 881; x_wconf 89' lang='lat' dir='ltr'><strong>sunt.’</strong></span> 
     </span>
     <span class='ocr_line' id='line_1_7' title="bbox 101 902 810 955; baseline 0.006 -4"><span class='ocrx_word' id='word_1_62' title='bbox 101 902 245 951; x_wconf 69' lang='lat' dir='ltr'><strong>,Patrehiua</strong></span> <span class='ocrx_word' id='word_1_63' title='bbox 675 904 810 955; x_wconf 77' lang='lat' dir='ltr'><strong>Pstrohius.</strong></span> 
     </span>
    </p>

    <p class='ocr_par' dir='ltr' id='par_1_3' title="bbox 109 977 1224 2182">
     <span class='ocr_line' id='line_1_8' title="bbox 142 977 1206 1047; baseline 0.006 -20"><span class='ocrx_word' id='word_1_64' title='bbox 142 978 252 1041; x_wconf 67' lang='lat' dir='ltr'><strong>[essm]</strong></span> <span class='ocrx_word' id='word_1_65' title='bbox 278 977 373 1027; x_wconf 89' lang='lat' dir='ltr'><strong>Scribit</strong></span> <span class='ocrx_word' id='word_1_66' title='bbox 384 977 493 1040; x_wconf 86' lang='lat' dir='ltr'><strong>Plinius,</strong></span> <span class='ocrx_word' id='word_1_67' title='bbox 512 993 570 1027; x_wconf 88' lang='lat' dir='ltr'><strong>eum</strong></span> <span class='ocrx_word' id='word_1_68' title='bbox 581 978 639 1027; x_wconf 81' lang='lat' dir='ltr'><strong>Sar·</strong></span> <span class='ocrx_word' id='word_1_69' title='bbox 709 983 808 1030; x_wconf 81' lang='lat' dir='ltr'><strong>Flumen</strong></span> <span class='ocrx_word' id='word_1_70' title='bbox 820 982 927 1046; x_wconf 76' lang='lat' dir='ltr'><strong>Turium]</strong></span> <span class='ocrx_word' id='word_1_71' title='bbox 948 983 1007 1032; x_wconf 86' lang='lat' dir='ltr'><strong>Non</strong></span> <span class='ocrx_word' id='word_1_72' title='bbox 1024 983 1206 1047; x_wconf 84' lang='lat' dir='ltr'><strong>benequidam</strong></span> 
     </span>
     <span class='ocr_line' id='line_1_9' title="bbox 109 1054 1207 1117; baseline 0.004 -14"><span class='ocrx_word' id='word_1_73' title='bbox 109 1054 177 1103; x_wconf 83' lang='lat' dir='ltr'><strong>dinis</strong></span> <span class='ocrx_word' id='word_1_74' title='bbox 188 1054 244 1102; x_wconf 90' lang='lat' dir='ltr'><strong>aliis</strong></span> <span class='ocrx_word' id='word_1_75' title='bbox 253 1054 406 1101; x_wconf 80' lang='lat' dir='ltr'><strong>sandaliotis</strong></span> <span class='ocrx_word' id='word_1_76' title='bbox 417 1054 573 1116; x_wconf 74' lang='lat' dir='ltr'>appelletur,</span> <span class='ocrx_word' id='word_1_77' title='bbox 584 1055 640 1103; x_wconf 85' lang='lat' dir='ltr'><strong>Me·</strong></span> <span class='ocrx_word' id='word_1_78' title='bbox 676 1057 834 1106; x_wconf 87' lang='lat' dir='ltr'><strong>miscuerunt</strong></span> <span class='ocrx_word' id='word_1_79' title='bbox 855 1059 953 1106; x_wconf 66' lang='lat' dir='ltr'><strong>diarium</strong></span> <span class='ocrx_word' id='word_1_80' title='bbox 964 1073 1021 1106; x_wconf 86' lang='lat' dir='ltr'><strong>cum</strong></span> <span class='ocrx_word' id='word_1_81' title='bbox 1033 1059 1120 1117; x_wconf 84' lang='lat' dir='ltr'><strong>Durio,</strong></span> <span class='ocrx_word' id='word_1_82' title='bbox 1138 1059 1207 1107; x_wconf 88' lang='lat' dir='ltr'><strong>idern</strong></span> 
     </span>
     <span class='ocr_line' id='line_1_10' title="bbox 110 1128 1206 1194; baseline 0.005 -17"><span class='ocrx_word' id='word_1_83' title='bbox 110 1129 196 1177; x_wconf 81' lang='lat' dir='ltr'><strong>lissum</strong></span> <span class='ocrx_word' id='word_1_84' title='bbox 207 1141 264 1176; x_wconf 79' lang='lat' dir='ltr'><strong>erm</strong></span> <span class='ocrx_word' id='word_1_85' title='bbox 280 1143 296 1176; x_wconf 89' lang='lat' dir='ltr'><strong>a</strong></span> <span class='ocrx_word' id='word_1_86' title='bbox 311 1128 477 1177; x_wconf 69' lang='lat' dir='ltr'>similitudine</span> <span class='ocrx_word' id='word_1_87' title='bbox 489 1131 585 1191; x_wconf 79' lang='lat' dir='ltr'><strong>plantas</strong></span> <span class='ocrx_word' id='word_1_88' title='bbox 596 1131 640 1179; x_wconf 88' lang='lat' dir='ltr'><strong>hn-</strong></span> <span class='ocrx_word' id='word_1_89' title='bbox 676 1133 800 1182; x_wconf 82' lang='lat' dir='ltr'><strong>ambobus</strong></span> <span class='ocrx_word' id='word_1_90' title='bbox 816 1147 909 1182; x_wconf 88' lang='lat' dir='ltr'><strong>nomen</strong></span> <span class='ocrx_word' id='word_1_91' title='bbox 927 1133 1062 1194; x_wconf 70' lang='lat' dir='ltr'>facientes,</span> <span class='ocrx_word' id='word_1_92' title='bbox 1080 1133 1158 1182; x_wconf 83' lang='lat' dir='ltr'><strong>uredo</strong></span> <span class='ocrx_word' id='word_1_93' title='bbox 1172 1132 1206 1182; x_wconf 90' lang='lat' dir='ltr'><strong>oh</strong></span> 
     </span>
     <span class='ocr_line' id='line_1_11' title="bbox 109 1204 1209 1279; baseline 0.005 -27"><span class='ocrx_word' id='word_1_94' title='bbox 109 1218 193 1253; x_wconf 82' lang='lat' dir='ltr'><strong>manas</strong></span> <span class='ocrx_word' id='word_1_95' title='bbox 205 1204 340 1252; x_wconf 81' lang='lat' dir='ltr'><strong>ichnusam</strong></span> <span class='ocrx_word' id='word_1_96' title='bbox 352 1204 461 1264; x_wconf 81' lang='lat' dir='ltr'><strong>dixisse;</strong></span> <span class='ocrx_word' id='word_1_97' title='bbox 475 1205 542 1267; x_wconf 85' lang='lat' dir='ltr'><strong>quod</strong></span> <span class='ocrx_word' id='word_1_98' title='bbox 555 1214 639 1269; x_wconf 86' lang='lat' dir='ltr'><strong>poste·</strong></span> <span class='ocrx_word' id='word_1_99' title='bbox 677 1209 875 1270; x_wconf 67' lang='lat' dir='ltr'><strong>Hispaniarum</strong></span> <span class='ocrx_word' id='word_1_100' title='bbox 903 1223 989 1258; x_wconf 88' lang='lat' dir='ltr'><strong>rerum</strong></span> <span class='ocrx_word' id='word_1_101' title='bbox 1012 1210 1209 1279; x_wconf 70' lang='lat' dir='ltr'><strong>ignorationem,</strong></span> 
     </span>
     <span class='ocr_line' id='line_1_12' title="bbox 109 1280 1209 1346; baseline 0.004 -17"><span class='ocrx_word' id='word_1_102' title='bbox 109 1280 640 1346; x_wconf 75' lang='lat' dir='ltr'><strong>riustloliuus‚PliniitransscriptorClrry-</strong></span> <span class='ocrx_word' id='word_1_103' title='bbox 676 1283 1119 1346; x_wconf 80' lang='lat' dir='ltr'><strong>quiaanisuontamoelebrisest.</strong></span> <span class='ocrx_word' id='word_1_104' title='bbox 1138 1284 1209 1333; x_wconf 77' lang='lat' dir='ltr'><strong>Fluit</strong></span> 
     </span>
     <span class='ocr_line' id='line_1_13' title="bbox 111 1356 1208 1423; baseline 0.002 -17"><span class='ocrx_word' id='word_1_105' title='bbox 111 1357 186 1420; x_wconf 86' lang='lat' dir='ltr'><strong>rippo</strong></span> <span class='ocrx_word' id='word_1_106' title='bbox 205 1356 312 1415; x_wconf 85' lang='lat' dir='ltr'><strong>tribuit;</strong></span> <span class='ocrx_word' id='word_1_107' title='bbox 333 1364 361 1404; x_wconf 92' lang='lat' dir='ltr'><strong>nt</strong></span> <span class='ocrx_word' id='word_1_108' title='bbox 379 1356 483 1420; x_wconf 85' lang='lat' dir='ltr'><strong>quidem</strong></span> <span class='ocrx_word' id='word_1_109' title='bbox 496 1359 571 1419; x_wconf 82' lang='lat' dir='ltr'><strong>vulgo</strong></span> <span class='ocrx_word' id='word_1_110' title='bbox 582 1368 638 1408; x_wconf 86' lang='lat' dir='ltr'><strong>est:</strong></span> <span class='ocrx_word' id='word_1_111' title='bbox 677 1365 764 1409; x_wconf 86' lang='lat' dir='ltr'><strong>autem</strong></span> <span class='ocrx_word' id='word_1_112' title='bbox 774 1360 851 1409; x_wconf 79' lang='lat' dir='ltr'><strong>&#39;iuria</strong></span> <span class='ocrx_word' id='word_1_113' title='bbox 857 1361 936 1423; x_wconf 79' lang='lat' dir='ltr'><strong>juxta</strong></span> <span class='ocrx_word' id='word_1_114' title='bbox 947 1360 1104 1417; x_wconf 79' lang='lat' dir='ltr'><strong>Valentiam,</strong></span> <span class='ocrx_word' id='word_1_115' title='bbox 1115 1359 1208 1423; x_wconf 87' lang='lat' dir='ltr'><strong>dequo</strong></span> 
     </span>
     <span class='ocr_line' id='line_1_14' title="bbox 109 1432 1209 1498; baseline 0.002 -18"><span class='ocrx_word' id='word_1_116' title='bbox 109 1446 168 1481; x_wconf 83' lang='lat' dir='ltr'><strong>nsm</strong></span> <span class='ocrx_word' id='word_1_117' title='bbox 181 1433 205 1480; x_wconf 92' lang='lat' dir='ltr'><strong>in</strong></span> <span class='ocrx_word' id='word_1_118' title='bbox 218 1433 349 1480; x_wconf 85' lang='lat' dir='ltr'><strong>veteribus</strong></span> <span class='ocrx_word' id='word_1_119' title='bbox 360 1432 433 1480; x_wconf 88' lang='lat' dir='ltr'><strong>libris</strong></span> <span class='ocrx_word' id='word_1_120' title='bbox 446 1432 575 1494; x_wconf 87' lang='lat' dir='ltr'><strong>Crispum,</strong></span> <span class='ocrx_word' id='word_1_121' title='bbox 589 1446 640 1481; x_wconf 89' lang='lat' dir='ltr'><strong>uon</strong></span> <span class='ocrx_word' id='word_1_122' title='bbox 677 1435 835 1498; x_wconf 78' lang='lat' dir='ltr'><strong>Pomponius</strong></span> <span class='ocrx_word' id='word_1_123' title='bbox 850 1435 917 1484; x_wconf 90' lang='lat' dir='ltr'><strong>libro</strong></span> <span class='ocrx_word' id='word_1_124' title='bbox 929 1435 1059 1485; x_wconf 85' lang='lat' dir='ltr'><strong>secundo:</strong></span> <span class='ocrx_word' id='word_1_125' title='bbox 1075 1435 1209 1494; x_wconf 85' lang='lat' dir='ltr'><strong>‘Setahiu‚</strong></span> 
     </span>
     <span class='ocr_line' id='line_1_15' title="bbox 112 1507 1224 1573; baseline 0.002 -16"><span class='ocrx_word' id='word_1_126' title='bbox 112 1509 285 1572; x_wconf 80' lang='lat' dir='ltr'><strong>Chrysippum</strong></span> <span class='ocrx_word' id='word_1_127' title='bbox 313 1522 378 1566; x_wconf 80' lang='lat' dir='ltr'><strong>esse,</strong></span> <span class='ocrx_word' id='word_1_128' title='bbox 411 1508 494 1570; x_wconf 71' lang='lat' dir='ltr'><strong>despire</strong></span> <span class='ocrx_word' id='word_1_129' title='bbox 519 1507 643 1556; x_wconf 84' lang='lat' dir='ltr'><strong>Sallustio</strong></span> <span class='ocrx_word' id='word_1_130' title='bbox 678 1511 830 1573; x_wconf 84' lang='lat' dir='ltr'><strong>etTuriaru‚</strong></span> <span class='ocrx_word' id='word_1_131' title='bbox 847 1518 875 1560; x_wconf 84' lang='lat' dir='ltr'><strong>et</strong></span> <span class='ocrx_word' id='word_1_132' title='bbox 893 1512 1034 1560; x_wconf 74' lang='lat' dir='ltr'><strong>Sucronem</strong></span> <span class='ocrx_word' id='word_1_133' title='bbox 1052 1523 1224 1572; x_wconf 61' lang='lat' dir='ltr'><strong>nonmagus</strong></span> 
     </span>
     <span class='ocr_line' id='line_1_16' title="bbox 113 1582 1210 1647; baseline -0.002 -12"><span class='ocrx_word' id='word_1_134' title='bbox 113 1585 205 1647; x_wconf 86' lang='lat' dir='ltr'><strong>Crispo</strong></span> <span class='ocrx_word' id='word_1_135' title='bbox 214 1584 482 1647; x_wconf 82' lang='lat' dir='ltr'><strong>accipiendumuideri</strong></span> <span class='ocrx_word' id='word_1_136' title='bbox 490 1585 642 1635; x_wconf 85' lang='lat' dir='ltr'><strong>olimobser·</strong></span> <span class='ocrx_word' id='word_1_137' title='bbox 679 1585 778 1646; x_wconf 81' lang='lat' dir='ltr'><strong>exeipit</strong></span> <span class='ocrx_word' id='word_1_138' title='bbox 788 1582 915 1635; x_wconf 74' lang='lat' dir='ltr'><strong>fluminaz&#39;</strong></span> <span class='ocrx_word' id='word_1_139' title='bbox 932 1595 960 1636; x_wconf 90' lang='lat' dir='ltr'><strong>et</strong></span> <span class='ocrx_word' id='word_1_140' title='bbox 970 1587 1037 1634; x_wconf 89' lang='lat' dir='ltr'><strong>Plin.</strong></span> <span class='ocrx_word' id='word_1_141' title='bbox 1049 1599 1092 1634; x_wconf 88' lang='lat'>111.</span> <span class='ocrx_word' id='word_1_142' title='bbox 1104 1590 1129 1634; x_wconf 75' lang='lat'><strong>8.</strong></span> <span class='ocrx_word' id='word_1_143' title='bbox 1142 1585 1210 1634; x_wconf 85' lang='lat' dir='ltr'><strong>‘Va-</strong></span> 
     </span>
     <span class='ocr_line' id='line_1_17' title="bbox 111 1660 1211 1725; baseline 0.001 -15"><span class='ocrx_word' id='word_1_144' title='bbox 111 1660 239 1718; x_wconf 67' lang='lat' dir='ltr'><strong>mimum</strong></span> <span class='ocrx_word' id='word_1_145' title='bbox 247 1662 349 1710; x_wconf 63' lang='lat' dir='ltr'><strong>stuc.</strong></span> <span class='ocrx_word' id='word_1_146' title='bbox 359 1661 466 1709; x_wconf 84' lang='lat' dir='ltr'><strong>Martin.</strong></span> <span class='ocrx_word' id='word_1_147' title='bbox 474 1662 642 1711; x_wconf 82' lang='lat' dir='ltr'><strong>Delrinsoum</strong></span> <span class='ocrx_word' id='word_1_148' title='bbox 679 1660 761 1708; x_wconf 79' lang='lat' dir='ltr'><strong>leutio</strong></span> <span class='ocrx_word' id='word_1_149' title='bbox 773 1660 880 1709; x_wconf 85' lang='lat' dir='ltr'><strong>Colonia</strong></span> <span class='ocrx_word' id='word_1_150' title='bbox 896 1662 977 1710; x_wconf 87' lang='lat' dir='ltr'><strong>tribus</strong></span> <span class='ocrx_word' id='word_1_151' title='bbox 989 1675 1020 1710; x_wconf 81' lang='lat' dir='ltr'><strong>rs.</strong></span> <span class='ocrx_word' id='word_1_152' title='bbox 1033 1677 1101 1725; x_wconf 83' lang='lat' dir='ltr'><strong>pass.</strong></span> <span class='ocrx_word' id='word_1_153' title='bbox 1118 1677 1134 1710; x_wconf 89' lang='lat' dir='ltr'><strong>a</strong></span> <span class='ocrx_word' id='word_1_154' title='bbox 1145 1661 1211 1711; x_wconf 81' lang='lat' dir='ltr'><strong>marl</strong></span> 
     </span>
     <span class='ocr_line' id='line_1_18' title="bbox 113 1734 1211 1799; baseline 0.002 -13"><span class='ocrx_word' id='word_1_155' title='bbox 113 1738 190 1786; x_wconf 82' lang='lat' dir='ltr'><strong>larrds</strong></span> <span class='ocrx_word' id='word_1_156' title='bbox 201 1739 282 1785; x_wconf 83' lang='lat' dir='ltr'><strong>mults</strong></span> <span class='ocrx_word' id='word_1_157' title='bbox 293 1740 319 1785; x_wconf 88' lang='lat' dir='ltr'><strong>in</strong></span> <span class='ocrx_word' id='word_1_158' title='bbox 330 1739 368 1784; x_wconf 83' lang='lat' dir='ltr'><strong>iris</strong></span> <span class='ocrx_word' id='word_1_159' title='bbox 379 1737 468 1786; x_wconf 89' lang='lat' dir='ltr'><strong>studiis</strong></span> <span class='ocrx_word' id='word_1_160' title='bbox 479 1746 605 1799; x_wconf 84' lang='lat' dir='ltr'><strong>versatus,</strong></span> <span class='ocrx_word' id='word_1_161' title='bbox 616 1741 642 1788; x_wconf 93' lang='lat' dir='ltr'><strong>in</strong></span> <span class='ocrx_word' id='word_1_162' title='bbox 680 1742 794 1785; x_wconf 77' lang='lat' dir='ltr'><strong>remote:</strong></span> <span class='ocrx_word' id='word_1_163' title='bbox 812 1734 905 1786; x_wconf 80' lang='lat' dir='ltr'><strong>flumen</strong></span> <span class='ocrx_word' id='word_1_164' title='bbox 922 1739 1043 1786; x_wconf 71' lang='lat' dir='ltr'><strong>lunam!</strong></span> <span class='ocrx_word' id='word_1_165' title='bbox 1081 1740 1124 1787; x_wconf 86' lang='lat' dir='ltr'><strong>lta</strong></span> <span class='ocrx_word' id='word_1_166' title='bbox 1140 1740 1211 1788; x_wconf 80' lang='lat' dir='ltr'><strong>enim</strong></span> 
     </span>
     <span class='ocr_line' id='line_1_19' title="bbox 112 1812 1211 1878; baseline 0.002 -17"><span class='ocrx_word' id='word_1_167' title='bbox 112 1813 221 1862; x_wconf 73' lang='lat' dir='ltr'><strong>scholiis</strong></span> <span class='ocrx_word' id='word_1_168' title='bbox 238 1813 376 1861; x_wconf 84' lang='lat' dir='ltr'><strong>Soliuisnis</strong></span> <span class='ocrx_word' id='word_1_169' title='bbox 394 1813 508 1862; x_wconf 87' lang='lat' dir='ltr'><strong>notavit:</strong></span> <span class='ocrx_word' id='word_1_170' title='bbox 526 1814 594 1878; x_wconf 87' lang='lat' dir='ltr'><strong>quod</strong></span> <span class='ocrx_word' id='word_1_171' title='bbox 612 1830 643 1862; x_wconf 79' lang='lat' dir='ltr'><strong>so</strong></span> <span class='ocrx_word' id='word_1_172' title='bbox 680 1812 815 1874; x_wconf 84' lang='lat' dir='ltr'><strong>legendum</strong></span> <span class='ocrx_word' id='word_1_173' title='bbox 834 1820 862 1861; x_wconf 91' lang='lat' dir='ltr'><strong>et</strong></span> <span class='ocrx_word' id='word_1_174' title='bbox 881 1813 948 1875; x_wconf 90' lang='lat' dir='ltr'><strong>apud</strong></span> <span class='ocrx_word' id='word_1_175' title='bbox 971 1813 1153 1876; x_wconf 88' lang='lat' dir='ltr'><strong>Pomponium,</strong></span> <span class='ocrx_word' id='word_1_176' title='bbox 1180 1822 1211 1864; x_wconf 82' lang='lat' dir='ltr'><strong>et</strong></span> 
     </span>
     <span class='ocr_line' id='line_1_20' title="bbox 113 1887 1213 1952; baseline 0.001 -15"><span class='ocrx_word' id='word_1_177' title='bbox 113 1889 174 1937; x_wconf 82' lang='lat' dir='ltr'><strong>milui</strong></span> <span class='ocrx_word' id='word_1_178' title='bbox 192 1890 295 1951; x_wconf 84' lang='lat' dir='ltr'><strong>propius</strong></span> <span class='ocrx_word' id='word_1_179' title='bbox 306 1902 368 1938; x_wconf 84' lang='lat' dir='ltr'><strong>vero</strong></span> <span class='ocrx_word' id='word_1_180' title='bbox 387 1898 436 1951; x_wconf 87' lang='lat' dir='ltr'><strong>est,</strong></span> <span class='ocrx_word' id='word_1_181' title='bbox 455 1889 522 1952; x_wconf 81' lang='lat' dir='ltr'><strong>quod</strong></span> <span class='ocrx_word' id='word_1_182' title='bbox 541 1889 642 1938; x_wconf 85' lang='lat' dir='ltr'><strong>rideam</strong></span> <span class='ocrx_word' id='word_1_183' title='bbox 680 1887 748 1950; x_wconf 84' lang='lat' dir='ltr'><strong>apud</strong></span> <span class='ocrx_word' id='word_1_184' title='bbox 761 1888 873 1937; x_wconf 80' lang='lat' dir='ltr'><strong>Plinium</strong></span> <span class='ocrx_word' id='word_1_185' title='bbox 885 1889 986 1937; x_wconf 87' lang='lat' dir='ltr'><strong>erudite</strong></span> <span class='ocrx_word' id='word_1_186' title='bbox 997 1895 1024 1937; x_wconf 83' lang='lat' dir='ltr'><strong>et</strong></span> <span class='ocrx_word' id='word_1_187' title='bbox 1034 1903 1094 1938; x_wconf 84' lang='lat' dir='ltr'><strong>vere</strong></span> <span class='ocrx_word' id='word_1_188' title='bbox 1106 1896 1213 1938; x_wconf 84' lang='lat' dir='ltr'><strong>rontan-</strong></span> 
     </span>
     <span class='ocr_line' id='line_1_21' title="bbox 112 1963 1210 2030; baseline 0.005 -18"><span class='ocrx_word' id='word_1_189' title='bbox 112 1963 202 2012; x_wconf 75' lang='lat' dir='ltr'><strong>Silium</strong></span> <span class='ocrx_word' id='word_1_190' title='bbox 216 1965 345 2026; x_wconf 76' lang='lat' dir='ltr'><strong>italicum,</strong></span> <span class='ocrx_word' id='word_1_191' title='bbox 363 1964 406 2028; x_wconf 89' lang='lat' dir='ltr'><strong>qni</strong></span> <span class='ocrx_word' id='word_1_192' title='bbox 421 1964 446 2011; x_wconf 89' lang='lat' dir='ltr'><strong>in</strong></span> <span class='ocrx_word' id='word_1_193' title='bbox 458 1964 598 2028; x_wconf 80' lang='lat' dir='ltr'><strong>plerisque,</strong></span> <span class='ocrx_word' id='word_1_194' title='bbox 614 1972 644 2013; x_wconf 93' lang='lat' dir='ltr'><strong>ut</strong></span> <span class='ocrx_word' id='word_1_195' title='bbox 680 1965 720 2013; x_wconf 93' lang='lat' dir='ltr'><strong>dit</strong></span> <span class='ocrx_word' id='word_1_196' title='bbox 733 1965 895 2014; x_wconf 84' lang='lat' dir='ltr'><strong>Hemrolsus.</strong></span> <span class='ocrx_word' id='word_1_197' title='bbox 928 1967 1059 2030; x_wconf 80' lang='lat' dir='ltr'><strong>Corrupto</strong></span> <span class='ocrx_word' id='word_1_198' title='bbox 1070 1974 1157 2016; x_wconf 85' lang='lat' dir='ltr'><strong>antem</strong></span> <span class='ocrx_word' id='word_1_199' title='bbox 1168 1968 1210 2018; x_wconf 81' lang='lat' dir='ltr'><strong>hle</strong></span> 
     </span>
     <span class='ocr_line' id='line_1_22' title="bbox 114 2040 1209 2102; baseline 0.006 -14"><span class='ocrx_word' id='word_1_200' title='bbox 114 2041 175 2089; x_wconf 83' lang='lat' dir='ltr'><strong>alibi</strong></span> <span class='ocrx_word' id='word_1_201' title='bbox 201 2041 330 2100; x_wconf 87' lang='lat' dir='ltr'><strong>ducemus,</strong></span> <span class='ocrx_word' id='word_1_202' title='bbox 355 2042 501 2090; x_wconf 86' lang='lat' dir='ltr'><strong>Sallustium</strong></span> <span class='ocrx_word' id='word_1_203' title='bbox 528 2041 643 2091; x_wconf 85' lang='lat' dir='ltr'><strong>studiose</strong></span> <span class='ocrx_word' id='word_1_204' title='bbox 681 2040 863 2102; x_wconf 80' lang='lat' dir='ltr'><strong>vulgolegitur</strong></span> <span class='ocrx_word' id='word_1_205' title='bbox 881 2042 994 2091; x_wconf 70' lang='lat' dir='ltr'><strong>Durium</strong></span> <span class='ocrx_word' id='word_1_206' title='bbox 1026 2043 1209 2095; x_wconf 82' lang='lat' dir='ltr'><strong>Turiamenim</strong></span> 
     </span>
     <span class='ocr_line' id='line_1_23' title="bbox 114 2114 1211 2182; baseline 0.005 -18"><span class='ocrx_word' id='word_1_207' title='bbox 114 2115 229 2165; x_wconf 86' lang='lat' dir='ltr'><strong>imitatus</strong></span> <span class='ocrx_word' id='word_1_208' title='bbox 248 2126 299 2178; x_wconf 85' lang='lat' dir='ltr'><strong>est,</strong></span> <span class='ocrx_word' id='word_1_209' title='bbox 319 2117 389 2166; x_wconf 84' lang='lat' dir='ltr'><strong>idem</strong></span> <span class='ocrx_word' id='word_1_210' title='bbox 409 2117 434 2165; x_wconf 90' lang='lat' dir='ltr'><strong>in</strong></span> <span class='ocrx_word' id='word_1_211' title='bbox 458 2118 550 2180; x_wconf 70' lang='lat' dir='ltr'><strong>poima</strong></span> <span class='ocrx_word' id='word_1_212' title='bbox 570 2133 641 2167; x_wconf 88' lang='lat' dir='ltr'><strong>suum</strong></span> <span class='ocrx_word' id='word_1_213' title='bbox 680 2118 768 2165; x_wconf 82' lang='lat' dir='ltr'><strong>vocari</strong></span> <span class='ocrx_word' id='word_1_214' title='bbox 779 2115 805 2164; x_wconf 91' lang='lat' dir='ltr'><strong>id</strong></span> <span class='ocrx_word' id='word_1_215' title='bbox 820 2114 924 2176; x_wconf 77' lang='lat' dir='ltr'><strong>flumen,</strong></span> <span class='ocrx_word' id='word_1_216' title='bbox 944 2118 1039 2181; x_wconf 85' lang='lat' dir='ltr'><strong>dequo</strong></span> <span class='ocrx_word' id='word_1_217' title='bbox 1053 2120 1211 2182; x_wconf 78' lang='lat' dir='ltr'><strong>Pomponius</strong></span> 
     </span>
    </p>
   </div>
   <div class='ocr_carea' id='block_1_3' title="bbox 115 2192 1231 2409">
    <p class='ocr_par' dir='ltr' id='par_1_4' title="bbox 115 2192 1231 2409">
     <span class='ocr_line' id='line_1_24' title="bbox 115 2192 1213 2256; baseline 0.002 -15"><span class='ocrx_word' id='word_1_218' title='bbox 115 2193 284 2241; x_wconf 71' lang='lat' dir='ltr'><strong>transtulisse.</strong></span> <span class='ocrx_word' id='word_1_219' title='bbox 302 2193 399 2242; x_wconf 83' lang='lat' dir='ltr'><strong>Versus</strong></span> <span class='ocrx_word' id='word_1_220' title='bbox 407 2195 464 2256; x_wconf 87' lang='lat' dir='ltr'><strong>ejus</strong></span> <span class='ocrx_word' id='word_1_221' title='bbox 475 2196 493 2243; x_wconf 86' lang='lat' dir='ltr'><strong>l.</strong></span> <span class='ocrx_word' id='word_1_222' title='bbox 504 2207 553 2243; x_wconf 74' lang='grc' dir='ltr'><strong>ιιι.</strong></span> <span class='ocrx_word' id='word_1_223' title='bbox 565 2204 640 2244; x_wconf 89' lang='lat' dir='ltr'><strong>sunt:</strong></span> <span class='ocrx_word' id='word_1_224' title='bbox 679 2192 802 2255; x_wconf 88' lang='lat' dir='ltr'><strong>loquitur,</strong></span> <span class='ocrx_word' id='word_1_225' title='bbox 822 2192 936 2242; x_wconf 82' lang='lat' dir='ltr'><strong>ostendit</strong></span> <span class='ocrx_word' id='word_1_226' title='bbox 948 2193 1103 2242; x_wconf 78' lang='lat' dir='ltr'><strong>Plutarchus</strong></span> <span class='ocrx_word' id='word_1_227' title='bbox 1115 2195 1142 2243; x_wconf 92' lang='lat' dir='ltr'><strong>iu</strong></span> <span class='ocrx_word' id='word_1_228' title='bbox 1152 2195 1213 2243; x_wconf 70' lang='grc' dir='ltr'>Βιτ-</span> 
     </span>
     <span class='ocr_line' id='line_1_25' title="bbox 115 2267 1231 2342; baseline 0.003 -25"><span class='ocrx_word' id='word_1_229' title='bbox 115 2267 219 2317; x_wconf 86' lang='lat' dir='ltr'><strong>‘Insula</strong></span> <span class='ocrx_word' id='word_1_230' title='bbox 230 2268 366 2318; x_wconf 80' lang='lat' dir='ltr'><strong>flumisono</strong></span> <span class='ocrx_word' id='word_1_231' title='bbox 379 2270 571 2319; x_wconf 80' lang='lat' dir='ltr'><strong>circumvallata</strong></span> <span class='ocrx_word' id='word_1_232' title='bbox 583 2285 642 2333; x_wconf 90' lang='lat' dir='ltr'><strong>pro·</strong></span> <span class='ocrx_word' id='word_1_233' title='bbox 681 2269 764 2317; x_wconf 85' lang='lat' dir='ltr'><strong>torio:</strong></span> <span class='ocrx_word' id='word_1_234' title='bbox 781 2270 789 2296; x_wconf 89' lang='lat'>‘</span> <span class='ocrx_word' id='word_1_235' title='bbox 803 2268 943 2328; x_wconf 83' lang='lat' dir='ltr'><strong>Remedia,&#39;</strong></span> <span class='ocrx_word' id='word_1_236' title='bbox 965 2269 1057 2333; x_wconf 89' lang='lat' dir='ltr'><strong>inquit,</strong></span> <span class='ocrx_word' id='word_1_237' title='bbox 1075 2270 1120 2317; x_wconf 90' lang='lat' dir='ltr'><strong>‘in</strong></span> <span class='ocrx_word' id='word_1_238' title='bbox 1132 2268 1211 2320; x_wconf 83' lang='lat' dir='ltr'><strong>robus</strong></span> <span class='ocrx_word' id='word_1_239' title='bbox 1229 2336 1231 2342; x_wconf 31' lang='grc' dir='ltr'>Ι</span> 
     </span>
     <span class='ocr_line' id='line_1_26' title="bbox 115 2341 1212 2409; baseline 0.004 -19"><span class='ocrx_word' id='word_1_240' title='bbox 115 2341 194 2391; x_wconf 78' lang='lat' dir='ltr'><strong>fundo</strong></span> <span class='ocrx_word' id='word_1_241' title='bbox 211 2344 360 2406; x_wconf 83' lang='lat' dir='ltr'><strong>castigatur</strong></span> <span class='ocrx_word' id='word_1_242' title='bbox 382 2347 469 2409; x_wconf 83' lang='lat' dir='ltr'><strong>aquis:</strong></span> <span class='ocrx_word' id='word_1_243' title='bbox 488 2360 642 2408; x_wconf 86' lang='lat' dir='ltr'><strong>compressa·</strong></span> <span class='ocrx_word' id='word_1_244' title='bbox 681 2345 807 2406; x_wconf 81' lang='lat' dir='ltr'><strong>adversis,</strong></span> <span class='ocrx_word' id='word_1_245' title='bbox 818 2346 900 2407; x_wconf 88' lang='lat' dir='ltr'><strong>magis</strong></span> <span class='ocrx_word' id='word_1_246' title='bbox 912 2346 1008 2394; x_wconf 85' lang='lat' dir='ltr'><strong>claram</strong></span> <span class='ocrx_word' id='word_1_247' title='bbox 1020 2345 1076 2409; x_wconf 87' lang='lat' dir='ltr'><strong>ejus</strong></span> <span class='ocrx_word' id='word_1_248' title='bbox 1086 2346 1212 2394; x_wconf 82' lang='lat' dir='ltr'><strong>virtutem</strong></span> 
     </span>
    </p>
   </div>
   <div class='ocr_carea' id='block_1_4' title="bbox 114 2418 1219 4307">
    <p class='ocr_par' dir='ltr' id='par_1_5' title="bbox 114 2418 1215 2862">
     <span class='ocr_line' id='line_1_27' title="bbox 116 2418 1211 2484; baseline 0.003 -17"><span class='ocrx_word' id='word_1_249' title='bbox 116 2432 166 2480; x_wconf 82' lang='lat' dir='ltr'><strong>que</strong></span> <span class='ocrx_word' id='word_1_250' title='bbox 178 2422 289 2482; x_wconf 77' lang='lat' dir='ltr'><strong>gurgite,</strong></span> <span class='ocrx_word' id='word_1_251' title='bbox 308 2428 390 2468; x_wconf 76' lang='lat' dir='ltr'><strong>terras</strong></span> <span class='ocrx_word' id='word_1_252' title='bbox 408 2421 531 2468; x_wconf 86' lang='lat' dir='ltr'><strong>Enormes</strong></span> <span class='ocrx_word' id='word_1_253' title='bbox 542 2421 644 2470; x_wconf 79' lang='lat' dir='ltr'><strong>cohibet</strong></span> <span class='ocrx_word' id='word_1_254' title='bbox 680 2418 821 2480; x_wconf 72' lang='lat' dir='ltr'><strong>faciebant,</strong></span> <span class='ocrx_word' id='word_1_255' title='bbox 840 2421 922 2468; x_wconf 85' lang='lat' dir='ltr'><strong>veluti</strong></span> <span class='ocrx_word' id='word_1_256' title='bbox 944 2422 969 2468; x_wconf 89' lang='lat' dir='ltr'><strong>in</strong></span> <span class='ocrx_word' id='word_1_257' title='bbox 986 2433 1017 2467; x_wconf 82' lang='lat' dir='ltr'><strong>sa</strong></span> <span class='ocrx_word' id='word_1_258' title='bbox 1037 2434 1133 2482; x_wconf 79' lang='lat' dir='ltr'><strong>pugno,</strong></span> <span class='ocrx_word' id='word_1_259' title='bbox 1152 2433 1211 2484; x_wconf 65' lang='lat' dir='ltr'><strong>qno</strong></span> 
     </span>
     <span class='ocr_line' id='line_1_28' title="bbox 115 2494 1212 2561; baseline 0.003 -18"><span class='ocrx_word' id='word_1_260' title='bbox 115 2495 192 2543; x_wconf 78' lang='lat' dir='ltr'><strong>nudus</strong></span> <span class='ocrx_word' id='word_1_261' title='bbox 215 2495 262 2543; x_wconf 87' lang='lat' dir='ltr'><strong>snb</strong></span> <span class='ocrx_word' id='word_1_262' title='bbox 295 2497 406 2559; x_wconf 75' lang='lat' dir='ltr'><strong>imagine</strong></span> <span class='ocrx_word' id='word_1_263' title='bbox 433 2497 537 2559; x_wconf 66' lang='lat' dir='ltr'><strong>plantae.</strong></span> <span class='ocrx_word' id='word_1_264' title='bbox 577 2498 644 2546; x_wconf 87' lang='lat' dir='ltr'><strong>lude</strong></span> <span class='ocrx_word' id='word_1_265' title='bbox 681 2494 750 2556; x_wconf 84' lang='lat' dir='ltr'><strong>spud</strong></span> <span class='ocrx_word' id='word_1_266' title='bbox 776 2495 917 2545; x_wconf 80' lang='lat' dir='ltr'><strong>Sucronem</strong></span> <span class='ocrx_word' id='word_1_267' title='bbox 940 2504 1032 2545; x_wconf 84' lang='lat' dir='ltr'><strong>contra</strong></span> <span class='ocrx_word' id='word_1_268' title='bbox 1055 2497 1212 2561; x_wconf 83' lang='lat' dir='ltr'><strong>Pompejum</strong></span> 
     </span>
     <span class='ocr_line' id='line_1_29' title="bbox 115 2569 1212 2637; baseline 0 -17"><span class='ocrx_word' id='word_1_269' title='bbox 115 2569 227 2620; x_wconf 80' lang='lat' dir='ltr'><strong>Ichnusa</strong></span> <span class='ocrx_word' id='word_1_270' title='bbox 243 2572 313 2633; x_wconf 90' lang='lat' dir='ltr'><strong>prius</strong></span> <span class='ocrx_word' id='word_1_271' title='bbox 325 2573 411 2635; x_wconf 86' lang='lat' dir='ltr'><strong>Grajis</strong></span> <span class='ocrx_word' id='word_1_272' title='bbox 423 2575 644 2623; x_wconf 82' lang='lat' dir='ltr'><strong>memoratscolo·</strong></span> <span class='ocrx_word' id='word_1_273' title='bbox 682 2572 814 2621; x_wconf 82' lang='lat' dir='ltr'><strong>commissa</strong></span> <span class='ocrx_word' id='word_1_274' title='bbox 835 2578 883 2629; x_wconf 87' lang='lat' dir='ltr'><strong>est,</strong></span> <span class='ocrx_word' id='word_1_275' title='bbox 905 2579 932 2621; x_wconf 87' lang='lat' dir='ltr'><strong>et</strong></span> <span class='ocrx_word' id='word_1_276' title='bbox 950 2586 1036 2620; x_wconf 83' lang='lat' dir='ltr'><strong>rursus</strong></span> <span class='ocrx_word' id='word_1_277' title='bbox 1056 2573 1081 2623; x_wconf 91' lang='lat' dir='ltr'><strong>in</strong></span> <span class='ocrx_word' id='word_1_278' title='bbox 1103 2586 1133 2621; x_wconf 83' lang='lat' dir='ltr'><strong>es</strong></span> <span class='ocrx_word' id='word_1_279' title='bbox 1153 2586 1212 2637; x_wconf 79' lang='lat' dir='ltr'><strong>quas</strong></span> 
     </span>
     <span class='ocr_line' id='line_1_30' title="bbox 115 2644 1214 2711; baseline 0.003 -18"><span class='ocrx_word' id='word_1_280' title='bbox 115 2644 171 2693; x_wconf 82' lang='lat' dir='ltr'><strong>nis:</strong></span> <span class='ocrx_word' id='word_1_281' title='bbox 205 2646 267 2694; x_wconf 82' lang='lat' dir='ltr'><strong>Mox</strong></span> <span class='ocrx_word' id='word_1_282' title='bbox 290 2647 380 2710; x_wconf 80' lang='lat' dir='ltr'><strong>Libyci</strong></span> <span class='ocrx_word' id='word_1_283' title='bbox 402 2647 498 2697; x_wconf 86' lang='lat' dir='ltr'><strong>Sardus</strong></span> <span class='ocrx_word' id='word_1_284' title='bbox 520 2663 644 2711; x_wconf 80' lang='lat' dir='ltr'><strong>generoso</strong></span> <span class='ocrx_word' id='word_1_285' title='bbox 681 2647 750 2711; x_wconf 82' lang='lat' dir='ltr'><strong>apud</strong></span> <span class='ocrx_word' id='word_1_286' title='bbox 767 2648 879 2706; x_wconf 83' lang='lat' dir='ltr'><strong>Turiam,</strong></span> <span class='ocrx_word' id='word_1_287' title='bbox 899 2647 1021 2696; x_wconf 79' lang='lat' dir='ltr'><strong>adversus</strong></span> <span class='ocrx_word' id='word_1_288' title='bbox 1033 2648 1168 2697; x_wconf 83' lang='lat' dir='ltr'><strong>Metellum</strong></span> <span class='ocrx_word' id='word_1_289' title='bbox 1181 2647 1214 2696; x_wconf 86' lang='lat' dir='ltr'><strong>si·</strong></span> 
     </span>
     <span class='ocr_line' id='line_1_31' title="bbox 114 2721 1215 2785; baseline 0.003 -15"><span class='ocrx_word' id='word_1_290' title='bbox 114 2721 238 2785; x_wconf 82' lang='lat' dir='ltr'><strong>sauguine</strong></span> <span class='ocrx_word' id='word_1_291' title='bbox 249 2721 330 2771; x_wconf 82' lang='lat' dir='ltr'><strong>fidens</strong></span> <span class='ocrx_word' id='word_1_292' title='bbox 341 2722 474 2785; x_wconf 78' lang='lat' dir='ltr'><strong>Herculis,</strong></span> <span class='ocrx_word' id='word_1_293' title='bbox 484 2739 516 2773; x_wconf 83' lang='lat' dir='ltr'><strong>ex</strong></span> <span class='ocrx_word' id='word_1_294' title='bbox 525 2738 581 2775; x_wconf 84' lang='lat' dir='ltr'><strong>sese</strong></span> <span class='ocrx_word' id='word_1_295' title='bbox 590 2739 644 2774; x_wconf 90' lang='lat' dir='ltr'><strong>mn·</strong></span> <span class='ocrx_word' id='word_1_296' title='bbox 680 2723 733 2772; x_wconf 81' lang='lat' dir='ltr'><strong>mul</strong></span> <span class='ocrx_word' id='word_1_297' title='bbox 753 2728 781 2772; x_wconf 83' lang='lat' dir='ltr'><strong>et</strong></span> <span class='ocrx_word' id='word_1_298' title='bbox 799 2721 970 2785; x_wconf 67' lang='lat' dir='ltr'><strong>Pompejum!</strong></span> <span class='ocrx_word' id='word_1_299' title='bbox 1004 2722 1158 2772; x_wconf 86' lang='lat' dir='ltr'><strong>Claudianus</strong></span> <span class='ocrx_word' id='word_1_300' title='bbox 1175 2729 1215 2773; x_wconf 80' lang='lat' dir='ltr'><strong>ta·</strong></span> 
     </span>
     <span class='ocr_line' id='line_1_32' title="bbox 117 2797 1214 2862; baseline 0.002 -16"><span class='ocrx_word' id='word_1_301' title='bbox 117 2799 183 2846; x_wconf 79' lang='lat' dir='ltr'><strong>tavit</strong></span> <span class='ocrx_word' id='word_1_302' title='bbox 194 2799 295 2846; x_wconf 89' lang='lat' dir='ltr'><strong>nomina</strong></span> <span class='ocrx_word' id='word_1_303' title='bbox 308 2799 403 2848; x_wconf 67' lang='lat' dir='ltr'><strong>terra!</strong></span> <span class='ocrx_word' id='word_1_304' title='bbox 422 2802 515 2849; x_wconf 80' lang='lat' dir='ltr'><strong>Carrio.</strong></span> <span class='ocrx_word' id='word_1_305' title='bbox 681 2813 740 2847; x_wconf 87' lang='lat' dir='ltr'><strong>men</strong></span> <span class='ocrx_word' id='word_1_306' title='bbox 749 2799 826 2847; x_wconf 83' lang='lat' dir='ltr'><strong>etiam</strong></span> <span class='ocrx_word' id='word_1_307' title='bbox 833 2797 939 2846; x_wconf 85' lang='lat' dir='ltr'><strong>Durium</strong></span> <span class='ocrx_word' id='word_1_308' title='bbox 949 2798 1054 2847; x_wconf 82' lang='lat' dir='ltr'><strong>Turiam</strong></span> <span class='ocrx_word' id='word_1_309' title='bbox 1063 2798 1214 2862; x_wconf 79' lang='lat' dir='ltr'><strong>appellarit,</strong></span> 
     </span>
    </p>

    <p class='ocr_par' dir='ltr' id='par_1_6' title="bbox 115 2873 1216 3088">
     <span class='ocr_line' id='line_1_33' title="bbox 148 2873 1214 2936; baseline 0.002 -14"><span class='ocrx_word' id='word_1_310' title='bbox 148 2873 256 2922; x_wconf 71' lang='lat' dir='ltr'><strong>morsm</strong></span> <span class='ocrx_word' id='word_1_311' title='bbox 271 2890 302 2922; x_wconf 82' lang='lat' dir='ltr'><strong>sn</strong></span> <span class='ocrx_word' id='word_1_312' title='bbox 320 2876 396 2923; x_wconf 81' lang='lat' dir='ltr'><strong>issula</strong></span> <span class='ocrx_word' id='word_1_313' title='bbox 412 2874 458 2936; x_wconf 80' lang='lat' dir='ltr'><strong>sit]</strong></span> <span class='ocrx_word' id='word_1_314' title='bbox 480 2875 590 2924; x_wconf 86' lang='lat' dir='ltr'><strong>Videtur</strong></span> <span class='ocrx_word' id='word_1_315' title='bbox 608 2876 645 2925; x_wconf 89' lang='lat' dir='ltr'><strong>le·</strong></span> <span class='ocrx_word' id='word_1_316' title='bbox 682 2875 708 2923; x_wconf 91' lang='lat' dir='ltr'><strong>in</strong></span> <span class='ocrx_word' id='word_1_317' title='bbox 726 2874 856 2924; x_wconf 79' lang='lat' dir='ltr'><strong>Laudibus</strong></span> <span class='ocrx_word' id='word_1_318' title='bbox 872 2876 991 2924; x_wconf 72' lang='lat' dir='ltr'><strong>Strenae:</strong></span> <span class='ocrx_word' id='word_1_319' title='bbox 1013 2876 1069 2922; x_wconf 76' lang='lat' dir='ltr'><strong>‘&#39;l&#39;e</strong></span> <span class='ocrx_word' id='word_1_320' title='bbox 1090 2883 1214 2924; x_wconf 78' lang='lat' dir='ltr'><strong>nascente</strong></span> 
     </span>
     <span class='ocr_line' id='line_1_34' title="bbox 116 2949 1213 3014; baseline 0.001 -16"><span class='ocrx_word' id='word_1_321' title='bbox 116 2949 238 3012; x_wconf 74' lang='lat' dir='ltr'><strong>gendum,</strong></span> <span class='ocrx_word' id='word_1_322' title='bbox 261 2952 400 3010; x_wconf 72' lang='lat' dir='ltr'><strong>continear,</strong></span> <span class='ocrx_word' id='word_1_323' title='bbox 411 2952 506 3000; x_wconf 75' lang='lat' dir='ltr'><strong>dubiam</strong></span> <span class='ocrx_word' id='word_1_324' title='bbox 524 2967 555 2999; x_wconf 84' lang='lat' dir='ltr'><strong>us</strong></span> <span class='ocrx_word' id='word_1_325' title='bbox 569 2953 645 3001; x_wconf 66' lang='lat' dir='ltr'><strong>mnis</strong></span> <span class='ocrx_word' id='word_1_326' title='bbox 682 2952 780 3013; x_wconf 79' lang='lat' dir='ltr'><strong>ierunt,</strong></span> <span class='ocrx_word' id='word_1_327' title='bbox 798 2967 846 3014; x_wconf 82' lang='lat' dir='ltr'><strong>per</strong></span> <span class='ocrx_word' id='word_1_328' title='bbox 864 2951 969 3014; x_wconf 86' lang='lat' dir='ltr'><strong>pinguia</strong></span> <span class='ocrx_word' id='word_1_329' title='bbox 984 2950 1054 2999; x_wconf 85' lang='lat' dir='ltr'><strong>cults</strong></span> <span class='ocrx_word' id='word_1_330' title='bbox 1071 2957 1213 2999; x_wconf 74' lang='lat' dir='ltr'><strong>tumentem</strong></span> 
     </span>
     <span class='ocr_line' id='line_1_35' title="bbox 115 3025 1216 3088; baseline 0 -14"><span class='ocrx_word' id='word_1_331' title='bbox 115 3026 157 3086; x_wconf 86' lang='lat' dir='ltr'><strong>sit,</strong></span> <span class='ocrx_word' id='word_1_332' title='bbox 168 3041 237 3087; x_wconf 80' lang='lat' dir='ltr'><strong>psum</strong></span> <span class='ocrx_word' id='word_1_333' title='bbox 250 3027 321 3083; x_wconf 78' lang='lat' dir='ltr'><strong>Euri,</strong></span> <span class='ocrx_word' id='word_1_334' title='bbox 329 3029 369 3086; x_wconf 70' lang='lat' dir='ltr'><strong>irc.</strong></span> <span class='ocrx_word' id='word_1_335' title='bbox 393 3028 515 3082; x_wconf 79' lang='lat' dir='ltr'><strong>Ciacoon.</strong></span> <span class='ocrx_word' id='word_1_336' title='bbox 683 3029 790 3078; x_wconf 79' lang='lat' dir='ltr'><strong>Divitiis</strong></span> <span class='ocrx_word' id='word_1_337' title='bbox 803 3028 914 3075; x_wconf 84' lang='lat' dir='ltr'><strong>undasse</strong></span> <span class='ocrx_word' id='word_1_338' title='bbox 923 3026 1035 3088; x_wconf 83' lang='lat' dir='ltr'><strong>Tagum,</strong></span> <span class='ocrx_word' id='word_1_339' title='bbox 1047 3026 1172 3074; x_wconf 76' lang='lat' dir='ltr'><strong>Gallnoia</strong></span> <span class='ocrx_word' id='word_1_340' title='bbox 1184 3025 1216 3074; x_wconf 85' lang='lat' dir='ltr'><strong>ri·</strong></span> 
     </span>
    </p>

    <p class='ocr_par' dir='ltr' id='par_1_7' title="bbox 116 3101 1218 3622">
     <span class='ocr_line' id='line_1_36' title="bbox 149 3101 1215 3163; baseline 0.003 -14"><span class='ocrx_word' id='word_1_341' title='bbox 149 3102 189 3149; x_wconf 83' lang='lat' dir='ltr'><strong>Dr</strong></span> <span class='ocrx_word' id='word_1_342' title='bbox 198 3104 277 3149; x_wconf 77' lang='lat' dir='ltr'><strong>reditu</strong></span> <span class='ocrx_word' id='word_1_343' title='bbox 288 3104 336 3161; x_wconf 72' lang='lat' dir='ltr'><strong>sius</strong></span> <span class='ocrx_word' id='word_1_344' title='bbox 344 3101 552 3163; x_wconf 78' lang='lat' dir='ltr'><strong>legemserestem]</strong></span> <span class='ocrx_word' id='word_1_345' title='bbox 563 3103 646 3151; x_wconf 80' lang='lat' dir='ltr'><strong>Notat</strong></span> <span class='ocrx_word' id='word_1_346' title='bbox 683 3105 726 3163; x_wconf 87' lang='lat' dir='ltr'><strong>sit,</strong></span> <span class='ocrx_word' id='word_1_347' title='bbox 738 3104 854 3153; x_wconf 81' lang='lat' dir='ltr'><strong>Floribus</strong></span> <span class='ocrx_word' id='word_1_348' title='bbox 866 3111 893 3152; x_wconf 88' lang='lat' dir='ltr'><strong>et</strong></span> <span class='ocrx_word' id='word_1_349' title='bbox 908 3104 986 3150; x_wconf 86' lang='lat' dir='ltr'><strong>roseis</strong></span> <span class='ocrx_word' id='word_1_350' title='bbox 999 3101 1123 3151; x_wconf 81' lang='lat' dir='ltr'><strong>formosus</strong></span> <span class='ocrx_word' id='word_1_351' title='bbox 1134 3102 1215 3152; x_wconf 82' lang='lat' dir='ltr'><strong>Turis</strong></span> 
     </span>
     <span class='ocr_line' id='line_1_37' title="bbox 117 3173 1218 3244; baseline 0.003 -19"><span class='ocrx_word' id='word_1_352' title='bbox 117 3173 234 3240; x_wconf 75' lang='lat' dir='ltr'><strong>Agellius</strong></span> <span class='ocrx_word' id='word_1_353' title='bbox 251 3190 278 3225; x_wconf 81' lang='lat' dir='ltr'><strong>x.</strong></span> <span class='ocrx_word' id='word_1_354' title='bbox 294 3183 335 3225; x_wconf 75' lang='lat'><strong>⁶20.</strong></span> <span class='ocrx_word' id='word_1_355' title='bbox 369 3178 515 3226; x_wconf 74' lang='lat' dir='ltr'><strong>sallustium</strong></span> <span class='ocrx_word' id='word_1_356' title='bbox 531 3178 646 3240; x_wconf 85' lang='lat' dir='ltr'><strong>proprie·</strong></span> <span class='ocrx_word' id='word_1_357' title='bbox 683 3181 748 3244; x_wconf 88' lang='lat' dir='ltr'><strong>ripis</strong></span> <span class='ocrx_word' id='word_1_358' title='bbox 759 3180 862 3229; x_wconf 81' lang='lat' dir='ltr'><strong>Vellere</strong></span> <span class='ocrx_word' id='word_1_359' title='bbox 881 3192 1012 3242; x_wconf 81' lang='lat' dir='ltr'><strong>purpureo</strong></span> <span class='ocrx_word' id='word_1_360' title='bbox 1029 3179 1122 3241; x_wconf 84' lang='lat' dir='ltr'><strong>passim</strong></span> <span class='ocrx_word' id='word_1_361' title='bbox 1134 3184 1218 3228; x_wconf 85' lang='lat' dir='ltr'><strong>muts·</strong></span> 
     </span>
     <span class='ocr_line' id='line_1_38' title="bbox 117 3252 1215 3320; baseline 0.003 -18"><span class='ocrx_word' id='word_1_362' title='bbox 117 3253 179 3302; x_wconf 79' lang='lat' dir='ltr'><strong>tatis</strong></span> <span class='ocrx_word' id='word_1_363' title='bbox 197 3253 223 3300; x_wconf 92' lang='lat' dir='ltr'><strong>in</strong></span> <span class='ocrx_word' id='word_1_364' title='bbox 239 3253 325 3301; x_wconf 81' lang='lat' dir='ltr'><strong>serbis</strong></span> <span class='ocrx_word' id='word_1_365' title='bbox 346 3253 569 3300; x_wconf 77' lang='lat' dir='ltr'><strong>retinentissimum</strong></span> <span class='ocrx_word' id='word_1_366' title='bbox 588 3267 647 3301; x_wconf 87' lang='lat' dir='ltr'><strong>cun·</strong></span> <span class='ocrx_word' id='word_1_367' title='bbox 684 3255 819 3304; x_wconf 68' lang='lat' dir='ltr'><strong>vitorile!</strong></span> <span class='ocrx_word' id='word_1_368' title='bbox 853 3252 1215 3320; x_wconf 82' lang='lat' dir='ltr'><strong>Namcurlluviumparrum</strong></span> 
     </span>
     <span class='ocr_line' id='line_1_39' title="bbox 116 3328 1216 3395; baseline 0.003 -17"><span class='ocrx_word' id='word_1_369' title='bbox 116 3328 246 3378; x_wconf 86' lang='lat' dir='ltr'><strong>suetudini</strong></span> <span class='ocrx_word' id='word_1_370' title='bbox 266 3329 433 3389; x_wconf 72' lang='lat' dir='ltr'><strong>consensisse,</strong></span> <span class='ocrx_word' id='word_1_371' title='bbox 443 3337 471 3377; x_wconf 83' lang='lat' dir='ltr'><strong>ot</strong></span> <span class='ocrx_word' id='word_1_372' title='bbox 484 3328 645 3391; x_wconf 83' lang='lat' dir='ltr'><strong>privilegium</strong></span> <span class='ocrx_word' id='word_1_373' title='bbox 684 3331 784 3379; x_wconf 77' lang='lat' dir='ltr'><strong>stallos</strong></span> <span class='ocrx_word' id='word_1_374' title='bbox 796 3331 943 3393; x_wconf 88' lang='lat' dir='ltr'><strong>ignobilem,</strong></span> <span class='ocrx_word' id='word_1_375' title='bbox 960 3331 1141 3395; x_wconf 81' lang='lat' dir='ltr'><strong>prastermlssis</strong></span> <span class='ocrx_word' id='word_1_376' title='bbox 1159 3331 1216 3381; x_wconf 83' lang='lat' dir='ltr'><strong>lbe-</strong></span> 
     </span>
     <span class='ocr_line' id='line_1_40' title="bbox 118 3403 1215 3473; baseline 0.005 -21"><span class='ocrx_word' id='word_1_377' title='bbox 118 3403 188 3469; x_wconf 80' lang='lat' dir='ltr'><strong>quod</strong></span> <span class='ocrx_word' id='word_1_378' title='bbox 208 3403 242 3451; x_wconf 84' lang='lat' dir='ltr'><strong>de</strong></span> <span class='ocrx_word' id='word_1_379' title='bbox 262 3405 308 3452; x_wconf 87' lang='lat' dir='ltr'><strong>Cn.</strong></span> <span class='ocrx_word' id='word_1_380' title='bbox 321 3404 450 3466; x_wconf 77' lang='lat' dir='ltr'><strong>Pomszi,</strong></span> <span class='ocrx_word' id='word_1_381' title='bbox 470 3404 557 3465; x_wconf 77' lang='lat' dir='ltr'><strong>Magni</strong></span> <span class='ocrx_word' id='word_1_382' title='bbox 570 3404 646 3452; x_wconf 84' lang='lat' dir='ltr'><strong>Ponu-</strong></span> <span class='ocrx_word' id='word_1_383' title='bbox 684 3420 721 3467; x_wconf 89' lang='lat' dir='ltr'><strong>ro,</strong></span> <span class='ocrx_word' id='word_1_384' title='bbox 738 3406 816 3469; x_wconf 68' lang='lat' dir='ltr'><strong>Bau,</strong></span> <span class='ocrx_word' id='word_1_385' title='bbox 836 3406 901 3470; x_wconf 73' lang='lat' dir='ltr'><strong>Ans,</strong></span> <span class='ocrx_word' id='word_1_386' title='bbox 921 3421 950 3456; x_wconf 86' lang='lat' dir='ltr'><strong>ac</strong></span> <span class='ocrx_word' id='word_1_387' title='bbox 970 3408 1063 3470; x_wconf 89' lang='lat' dir='ltr'><strong>Durio,</strong></span> <span class='ocrx_word' id='word_1_388' title='bbox 1081 3408 1215 3473; x_wconf 80' lang='lat' dir='ltr'><strong>Mlnluqne</strong></span> 
     </span>
     <span class='ocr_line' id='line_1_41' title="bbox 117 3480 1216 3544; baseline 0.005 -16"><span class='ocrx_word' id='word_1_389' title='bbox 117 3480 172 3544; x_wconf 78' lang='lat' dir='ltr'><strong>peji</strong></span> <span class='ocrx_word' id='word_1_390' title='bbox 195 3482 277 3543; x_wconf 85' lang='lat' dir='ltr'><strong>patris</strong></span> <span class='ocrx_word' id='word_1_391' title='bbox 295 3480 379 3528; x_wconf 89' lang='lat' dir='ltr'><strong>reditu</strong></span> <span class='ocrx_word' id='word_1_392' title='bbox 399 3481 543 3543; x_wconf 86' lang='lat' dir='ltr'><strong>ferebatur,</strong></span> <span class='ocrx_word' id='word_1_393' title='bbox 563 3483 646 3544; x_wconf 83' lang='lat' dir='ltr'><strong>legem</strong></span> <span class='ocrx_word' id='word_1_394' title='bbox 684 3482 787 3530; x_wconf 78' lang='lat' dir='ltr'><strong>maximi</strong></span> <span class='ocrx_word' id='word_1_395' title='bbox 814 3483 935 3531; x_wconf 83' lang='lat' dir='ltr'><strong>momenti</strong></span> <span class='ocrx_word' id='word_1_396' title='bbox 957 3481 1116 3542; x_wconf 81' lang='lat' dir='ltr'><strong>fluminibus,</strong></span> <span class='ocrx_word' id='word_1_397' title='bbox 1141 3489 1216 3533; x_wconf 84' lang='lat' dir='ltr'><strong>tants</strong></span> 
     </span>
     <span class='ocr_line' id='line_1_42' title="bbox 119 3556 1217 3622; baseline 0.004 -19"><span class='ocrx_word' id='word_1_398' title='bbox 119 3556 272 3619; x_wconf 82' lang='lat' dir='ltr'><strong>sppellasss.</strong></span> <span class='ocrx_word' id='word_1_399' title='bbox 292 3556 385 3604; x_wconf 78' lang='lat' dir='ltr'><strong>Currio.</strong></span> <span class='ocrx_word' id='word_1_400' title='bbox 684 3571 779 3621; x_wconf 78' lang='lat' dir='ltr'><strong>pompa</strong></span> <span class='ocrx_word' id='word_1_401' title='bbox 790 3559 922 3622; x_wconf 75' lang='lat' dir='ltr'><strong>seligeret,</strong></span> <span class='ocrx_word' id='word_1_402' title='bbox 937 3573 967 3606; x_wconf 83' lang='lat' dir='ltr'><strong>sc</strong></span> <span class='ocrx_word' id='word_1_403' title='bbox 978 3557 1119 3606; x_wconf 84' lang='lat' dir='ltr'><strong>formosum</strong></span> <span class='ocrx_word' id='word_1_404' title='bbox 1136 3557 1217 3607; x_wconf 82' lang='lat' dir='ltr'><strong>rosels</strong></span> 
     </span>
    </p>

    <p class='ocr_par' dir='ltr' id='par_1_8' title="bbox 118 3630 1218 4062">
     <span class='ocr_line' id='line_1_43' title="bbox 151 3630 1216 3696; baseline 0.004 -18"><span class='ocrx_word' id='word_1_405' title='bbox 151 3631 235 3679; x_wconf 81' lang='lat' dir='ltr'><strong>Genus</strong></span> <span class='ocrx_word' id='word_1_406' title='bbox 245 3633 350 3680; x_wconf 70' lang='lat' dir='ltr'><strong>miiitum</strong></span> <span class='ocrx_word' id='word_1_407' title='bbox 359 3637 475 3680; x_wconf 73' lang='lat' dir='ltr'><strong>sustuna</strong></span> <span class='ocrx_word' id='word_1_408' title='bbox 493 3634 596 3696; x_wconf 68' lang='lat' dir='ltr'><strong>prositis</strong></span> <span class='ocrx_word' id='word_1_409' title='bbox 613 3636 647 3682; x_wconf 78' lang='lat' dir='ltr'><strong>is-</strong></span> <span class='ocrx_word' id='word_1_410' title='bbox 684 3635 746 3696; x_wconf 87' lang='lat' dir='ltr'><strong>ripis</strong></span> <span class='ocrx_word' id='word_1_411' title='bbox 769 3641 886 3681; x_wconf 84' lang='lat' dir='ltr'><strong>roostum</strong></span> <span class='ocrx_word' id='word_1_412' title='bbox 911 3634 958 3695; x_wconf 91' lang='lat' dir='ltr'><strong>ipsi</strong></span> <span class='ocrx_word' id='word_1_413' title='bbox 981 3634 1061 3695; x_wconf 86' lang='lat' dir='ltr'><strong>Tago,</strong></span> <span class='ocrx_word' id='word_1_414' title='bbox 1084 3630 1216 3682; x_wconf 83' lang='lat' dir='ltr'><strong>fluminum</strong></span> 
     </span>
     <span class='ocr_line' id='line_1_44' title="bbox 118 3706 1217 3771; baseline 0.001 -16"><span class='ocrx_word' id='word_1_415' title='bbox 118 3707 238 3769; x_wconf 75' lang='lat' dir='ltr'><strong>tmcisiis]</strong></span> <span class='ocrx_word' id='word_1_416' title='bbox 251 3708 359 3756; x_wconf 76' lang='lat' dir='ltr'><strong>viderur</strong></span> <span class='ocrx_word' id='word_1_417' title='bbox 368 3709 513 3759; x_wconf 81' lang='lat' dir='ltr'><strong>Q.Cnrtius</strong></span> <span class='ocrx_word' id='word_1_418' title='bbox 522 3711 648 3771; x_wconf 81' lang='lat' dir='ltr'><strong>respexis-</strong></span> <span class='ocrx_word' id='word_1_419' title='bbox 687 3709 860 3771; x_wconf 83' lang='lat' dir='ltr'><strong>Hispanorum</strong></span> <span class='ocrx_word' id='word_1_420' title='bbox 874 3707 1055 3771; x_wconf 72' lang='lat' dir='ltr'><strong>uulgatissimas</strong></span> <span class='ocrx_word' id='word_1_421' title='bbox 1067 3706 1143 3756; x_wconf 70' lang='lat' dir='ltr'><strong>t‘amae</strong></span> <span class='ocrx_word' id='word_1_422' title='bbox 1155 3720 1217 3756; x_wconf 84' lang='lat' dir='ltr'><strong>ron·</strong></span> 
     </span>
     <span class='ocr_line' id='line_1_45' title="bbox 119 3782 1216 3850; baseline 0.001 -19"><span class='ocrx_word' id='word_1_423' title='bbox 119 3797 147 3831; x_wconf 81' lang='lat' dir='ltr'><strong>se</strong></span> <span class='ocrx_word' id='word_1_424' title='bbox 166 3784 198 3832; x_wconf 91' lang='lat' dir='ltr'><strong>ad</strong></span> <span class='ocrx_word' id='word_1_425' title='bbox 216 3784 282 3831; x_wconf 82' lang='lat' dir='ltr'><strong>huuc</strong></span> <span class='ocrx_word' id='word_1_426' title='bbox 303 3786 396 3845; x_wconf 85' lang='lat' dir='ltr'><strong>locum,</strong></span> <span class='ocrx_word' id='word_1_427' title='bbox 414 3799 472 3833; x_wconf 87' lang='lat' dir='ltr'><strong>curn</strong></span> <span class='ocrx_word' id='word_1_428' title='bbox 488 3785 555 3832; x_wconf 75' lang='lat' dir='ltr'><strong>dixit</strong></span> <span class='ocrx_word' id='word_1_429' title='bbox 573 3786 589 3832; x_wconf 86' lang='grc' dir='ltr'><strong>Ι.</strong></span> <span class='ocrx_word' id='word_1_430' title='bbox 609 3799 647 3834; x_wconf 83' lang='lat' dir='ltr'><strong>vr.</strong></span> <span class='ocrx_word' id='word_1_431' title='bbox 680 3786 821 3850; x_wconf 79' lang='lat' dir='ltr'><strong>jungeret?</strong></span> <span class='ocrx_word' id='word_1_432' title='bbox 859 3784 926 3833; x_wconf 78' lang='lat' dir='ltr'><strong>Vide</strong></span> <span class='ocrx_word' id='word_1_433' title='bbox 949 3785 1050 3833; x_wconf 82' lang='lat' dir='ltr'><strong>Rssrsd.</strong></span> <span class='ocrx_word' id='word_1_434' title='bbox 1070 3786 1103 3832; x_wconf 80' lang='lat' dir='ltr'><strong>de</strong></span> <span class='ocrx_word' id='word_1_435' title='bbox 1125 3782 1216 3848; x_wconf 47' lang='lat' dir='ltr'><strong>nunqu</strong></span> 
     </span>
     <span class='ocr_line' id='line_1_46' title="bbox 119 3859 1218 3926; baseline 0 -17"><span class='ocrx_word' id='word_1_436' title='bbox 119 3860 289 3909; x_wconf 82' lang='lat' dir='ltr'><strong>‘Mardorum</strong></span> <span class='ocrx_word' id='word_1_437' title='bbox 308 3870 364 3910; x_wconf 84' lang='lat' dir='ltr'><strong>erat</strong></span> <span class='ocrx_word' id='word_1_438' title='bbox 384 3878 447 3926; x_wconf 85' lang='lat' dir='ltr'><strong>gens</strong></span> <span class='ocrx_word' id='word_1_439' title='bbox 464 3863 571 3911; x_wconf 81' lang='lat' dir='ltr'><strong>confluis</strong></span> <span class='ocrx_word' id='word_1_440' title='bbox 588 3863 648 3910; x_wconf 85' lang='lat' dir='ltr'><strong>His·</strong></span> <span class='ocrx_word' id='word_1_441' title='bbox 689 3862 767 3910; x_wconf 79' lang='lat' dir='ltr'><strong>Lusis.</strong></span> <span class='ocrx_word' id='word_1_442' title='bbox 807 3863 854 3909; x_wconf 84' lang='lat' dir='ltr'><strong>Est</strong></span> <span class='ocrx_word' id='word_1_443' title='bbox 867 3861 948 3924; x_wconf 89' lang='lat' dir='ltr'><strong>igitur</strong></span> <span class='ocrx_word' id='word_1_444' title='bbox 962 3862 1041 3909; x_wconf 79' lang='lat' dir='ltr'><strong>&#39;l&#39;rrria</strong></span> <span class='ocrx_word' id='word_1_445' title='bbox 1056 3861 1110 3909; x_wconf 81' lang='lat' dir='ltr'><strong>siue</strong></span> <span class='ocrx_word' id='word_1_446' title='bbox 1121 3859 1218 3911; x_wconf 77' lang='lat' dir='ltr'><strong>Duriae</strong></span> 
     </span>
     <span class='ocr_line' id='line_1_47' title="bbox 119 3935 1217 4001; baseline -0.004 -15"><span class='ocrx_word' id='word_1_447' title='bbox 119 3938 215 4001; x_wconf 74' lang='lat' dir='ltr'><strong>paulus,</strong></span> <span class='ocrx_word' id='word_1_448' title='bbox 233 3938 303 3985; x_wconf 80' lang='lat' dir='ltr'><strong>cultu</strong></span> <span class='ocrx_word' id='word_1_449' title='bbox 315 3939 376 3985; x_wconf 79' lang='lat' dir='ltr'><strong>virae</strong></span> <span class='ocrx_word' id='word_1_450' title='bbox 389 3952 489 3999; x_wconf 85' lang='lat' dir='ltr'><strong>aspera,</strong></span> <span class='ocrx_word' id='word_1_451' title='bbox 509 3946 534 3987; x_wconf 87' lang='lat' dir='ltr'><strong>et</strong></span> <span class='ocrx_word' id='word_1_452' title='bbox 548 3938 648 3986; x_wconf 87' lang='lat' dir='ltr'><strong>latrori-</strong></span> <span class='ocrx_word' id='word_1_453' title='bbox 687 3937 819 3999; x_wconf 72' lang='lat' dir='ltr'><strong>Hispania</strong></span> <span class='ocrx_word' id='word_1_454' title='bbox 838 3937 1033 3986; x_wconf 72' lang='lat' dir='ltr'><strong>tarraconensis</strong></span> <span class='ocrx_word' id='word_1_455' title='bbox 1053 3935 1169 3984; x_wconf 82' lang='lat' dir='ltr'><strong>tlnviolns</strong></span> <span class='ocrx_word' id='word_1_456' title='bbox 1190 3935 1217 3983; x_wconf 90' lang='lat' dir='ltr'><strong>in</strong></span> 
     </span>
     <span class='ocr_line' id='line_1_48' title="bbox 119 4009 1218 4062; baseline -0.004 0"><span class='ocrx_word' id='word_1_457' title='bbox 119 4013 166 4062; x_wconf 89' lang='lat' dir='ltr'><strong>ulis</strong></span> <span class='ocrx_word' id='word_1_458' title='bbox 178 4011 298 4061; x_wconf 71' lang='lat' dir='ltr'><strong>assueta!</strong></span> <span class='ocrx_word' id='word_1_459' title='bbox 317 4012 424 4060; x_wconf 81' lang='lat' dir='ltr'><strong>Ursinus.</strong></span> <span class='ocrx_word' id='word_1_460' title='bbox 687 4017 872 4061; x_wconf 74' lang='lat' dir='ltr'><strong>sucroneusem</strong></span> <span class='ocrx_word' id='word_1_461' title='bbox 893 4012 975 4060; x_wconf 89' lang='lat' dir='ltr'><strong>sinum</strong></span> <span class='ocrx_word' id='word_1_462' title='bbox 998 4009 1114 4060; x_wconf 78' lang='lat' dir='ltr'><strong>effluens.</strong></span> <span class='ocrx_word' id='word_1_463' title='bbox 1146 4010 1218 4059; x_wconf 79' lang='lat' dir='ltr'><strong>Gaa-</strong></span> 
     </span>
    </p>

    <p class='ocr_par' dir='ltr' id='par_1_9' title="bbox 122 4085 1219 4307">
     <span class='ocr_line' id='line_1_49' title="bbox 152 4085 1218 4154; baseline -0.003 -17"><span class='ocrx_word' id='word_1_464' title='bbox 152 4090 221 4137; x_wconf 80' lang='lat' dir='ltr'><strong>Ister</strong></span> <span class='ocrx_word' id='word_1_465' title='bbox 238 4091 297 4137; x_wconf 78' lang='lat' dir='ltr'><strong>taeru</strong></span> <span class='ocrx_word' id='word_1_466' title='bbox 316 4089 437 4150; x_wconf 65' lang='lat' dir='ltr'><strong>mnium]</strong></span> <span class='ocrx_word' id='word_1_467' title='bbox 470 4091 594 4154; x_wconf 78' lang='lat' dir='ltr'><strong>loquitur</strong></span> <span class='ocrx_word' id='word_1_468' title='bbox 616 4089 649 4138; x_wconf 88' lang='lat' dir='ltr'><strong>de</strong></span> <span class='ocrx_word' id='word_1_469' title='bbox 687 4089 784 4152; x_wconf 78' lang='lat' dir='ltr'><strong>dalajar</strong></span> <span class='ocrx_word' id='word_1_470' title='bbox 805 4090 895 4138; x_wconf 87' lang='lat' dir='ltr'><strong>Clusio</strong></span> <span class='ocrx_word' id='word_1_471' title='bbox 916 4089 993 4136; x_wconf 88' lang='lat' dir='ltr'><strong>hodie</strong></span> <span class='ocrx_word' id='word_1_472' title='bbox 1019 4096 1069 4136; x_wconf 83' lang='lat' dir='ltr'><strong>est.</strong></span> <span class='ocrx_word' id='word_1_473' title='bbox 1119 4085 1218 4135; x_wconf 85' lang='lat' dir='ltr'><strong>Durius</strong></span> 
     </span>
     <span class='ocr_line' id='line_1_50' title="bbox 122 4159 1218 4227; baseline -0.002 -14"><span class='ocrx_word' id='word_1_474' title='bbox 122 4166 212 4227; x_wconf 69' lang='lat' dir='ltr'><strong>prelio</strong></span> <span class='ocrx_word' id='word_1_475' title='bbox 231 4164 299 4226; x_wconf 87' lang='lat' dir='ltr'><strong>spnd</strong></span> <span class='ocrx_word' id='word_1_476' title='bbox 320 4161 416 4212; x_wconf 81' lang='lat' dir='ltr'><strong>flumen</strong></span> <span class='ocrx_word' id='word_1_477' title='bbox 434 4165 542 4214; x_wconf 76' lang='lat' dir='ltr'><strong>Darium</strong></span> <span class='ocrx_word' id='word_1_478' title='bbox 563 4180 579 4214; x_wconf 88' lang='lat' dir='ltr'><strong>s</strong></span> <span class='ocrx_word' id='word_1_479' title='bbox 601 4167 649 4215; x_wconf 83' lang='lat' dir='ltr'><strong>cn.</strong></span> <span class='ocrx_word' id='word_1_480' title='bbox 687 4175 774 4215; x_wconf 86' lang='lat' dir='ltr'><strong>autern</strong></span> <span class='ocrx_word' id='word_1_481' title='bbox 785 4165 871 4213; x_wconf 86' lang='lat' dir='ltr'><strong>Plinio</strong></span> <span class='ocrx_word' id='word_1_482' title='bbox 890 4164 1024 4226; x_wconf 69' lang='lat' dir='ltr'><strong>Hispania</strong></span> <span class='ocrx_word' id='word_1_483' title='bbox 1035 4164 1159 4212; x_wconf 82' lang='lat' dir='ltr'><strong>maximus</strong></span> <span class='ocrx_word' id='word_1_484' title='bbox 1170 4159 1218 4211; x_wconf 83' lang='lat' dir='ltr'><strong>tlu-</strong></span> 
     </span>
     <span class='ocr_line' id='line_1_51' title="bbox 123 4235 1219 4307; baseline 0.001 -20"><span class='ocrx_word' id='word_1_485' title='bbox 123 4238 249 4307; x_wconf 86' lang='lat' dir='ltr'><strong>Pompejo</strong></span> <span class='ocrx_word' id='word_1_486' title='bbox 271 4240 415 4289; x_wconf 85' lang='lat' dir='ltr'><strong>commisso.</strong></span> <span class='ocrx_word' id='word_1_487' title='bbox 456 4242 595 4306; x_wconf 78' lang='lat' dir='ltr'><strong>Pompejas</strong></span> <span class='ocrx_word' id='word_1_488' title='bbox 617 4240 650 4291; x_wconf 81' lang='lat' dir='ltr'><strong>sd</strong></span> <span class='ocrx_word' id='word_1_489' title='bbox 686 4240 751 4303; x_wconf 79' lang='lat' dir='ltr'><strong>rius,</strong></span> <span class='ocrx_word' id='word_1_490' title='bbox 773 4239 800 4288; x_wconf 81' lang='lat' dir='ltr'><strong>ia</strong></span> <span class='ocrx_word' id='word_1_491' title='bbox 822 4237 1119 4303; x_wconf 73' lang='lat' dir='ltr'><strong>Pelendouihsmrtus,</strong></span> <span class='ocrx_word' id='word_1_492' title='bbox 1138 4235 1219 4290; x_wconf 74' lang='lat' dir='ltr'><strong>Asta·</strong></span> 
     </span>
    </p>
   </div>
   <div class='ocr_carea' id='block_1_5' title="bbox 0 0 1521 5040">
    <p class='ocr_par' dir='ltr' id='par_1_10' title="bbox 0 0 1521 5040">
     <span class='ocr_line' id='line_1_52' title="bbox 0 0 1521 5040; baseline 0 0"><span class='ocrx_word' id='word_1_493' title='bbox 0 0 1521 5040; x_wconf 95' lang='lat' dir='ltr'><strong> </strong></span> 
     </span>
    </p>
   </div>
  </div>
 </body>
</html>
