2994 5040
471 367 624 418 aauuun
649 367 817 416 cnutum.
862 367 944 418 cte.
967 354 1022 421 23.
1229 358 1293 424 teu

195 510 467 564 sotietatemfidelem.
500 512 536 561 Et
545 513 649 561 Tacitus
659 512 677 561 l.
687 525 723 560 rr.
761 525 819 561 nun
833 512 929 562 scribit.
945 514 1036 563 lancis.

197 589 290 641 must.
300 588 378 639 dicit:
395 589 446 636 ‘ex
466 589 564 639 scelere
586 596 679 651 metus,
691 602 724 637 ex
796 587 827 641 Q·
851 589 947 651 Curius]
974 589 1046 639 Citat
1061 589 1203 640 Marcellus
1225 592 1292 641 hunc

197 674 270 717 metu
281 666 413 714 eonsilium
423 667 540 729 capitur!
762 663 856 723 locum,
877 664 923 713 sed
943 666 977 714 ibi
993 681 1126 729 perperam
1142 667 1174 721 Q.
1193 666 1293 716 Curtius

231 742 349 792 cnemis
367 742 491 805 inuidiosa]
516 742 546 790 ld
570 748 609 791 est
629 742 724 791 odium.
763 738 910 786 excuditur.
953 739 1029 799 Apud
1053 742 1205 791 Ciceronem
1229 756 1291 792 vero

198 820 238 871 aa
260 810 383 867 Cicerone
400 825 504 867 constat
519 819 585 866 hanc
603 818 725 866 iuvidiam
763 813 780 860 l·
793 827 812 860 1·
833 812 865 861 ad
885 812 1002 863 Atticum
1023 817 1116 880 legitur
1138 818 1221 867 Torius
1242 832 1291 883 pro

197 894 287 944 eodem
308 907 374 941 suno
399 901 482 942 ortam
505 908 571 942 esse.
604 895 671 942 Nam
690 894 725 943 Q.
764 889 859 937 Curius.
883 890 969 938 Coler.

196 967 319 1017 Metellus
348 970 447 1031 Nepos,
478 968 608 1017 Tribunus
636 968 726 1031 piebis,
796 967 978 1017 tlauuooscuro
989 967 1047 1030 loco]
1076 971 1163 1019 Nobili
1187 971 1292 1023 familia.

194 1045 278 1107 pridie
287 1045 347 1093 Kal.
358 1044 418 1095 Jan.
429 1045 578 1092 Ciceronem
596 1046 725 1093 consulem
797 1043 946 1105 Flagitiiset
952 1044 1110 1107 facinoribus]
1139 1047 1233 1096 Putaui
1245 1062 1292 1111 pro

193 1121 344 1183 magistratu
374 1119 509 1168 abeuntem
536 1120 664 1168 concionis
680 1122 726 1168 ha·
756 1119 906 1177 facinoribus
927 1123 1063 1185 legendum
1075 1123 1221 1182 foenoribus:
1238 1129 1293 1174 tuus

193 1195 287 1245 bonde
307 1203 437 1259 potestate
456 1196 575 1259 privavit.
608 1196 668 1258 lpse
682 1196 724 1247 (lie
762 1196 829 1259 quod
853 1197 890 1244 ita
911 1199 973 1260 legit
996 1199 1096 1248 Gellius
1118 1211 1155 1246 ιν.
1176 1202 1216 1245 lt.
1239 1204 1293 1247 turn

195 1284 255 1319 cero
276 1272 442 1334 conqueritur
462 1273 478 1321 Ι.
492 1285 516 1320 v.
536 1272 624 1327 Famil.
642 1271 725 1334 Epist.
762 1270 839 1319 etiam
852 1272 920 1335 quod
934 1273 1029 1321 dixerit
1040 1274 1159 1336 flagitiis,
1174 1287 1295 1334 superva-

195 1348 245 1412 Ep.
258 1353 282 1398 2.
293 1349 325 1396 ad
338 1350 371 1399 Q.
385 1349 518 1397 Metellum
537 1350 653 1398 Celerem
665 1350 726 1399 Gai·
761 1361 868 1394 caueum
883 1348 1163 1408 videaturscsinorilus.
1196 1350 1293 1399 Verum

194 1422 235 1471 tie
248 1423 442 1483 Proconsulem,
454 1440 511 1473 cum
521 1425 597 1483 dicit,
613 1424 724 1472 ‘deiude
763 1424 840 1471 Nonii
857 1438 896 1471 me
913 1429 1054 1474 auctoritas
1067 1442 1082 1473 a
1094 1426 1236 1474 inritatione
1249 1425 1294 1475 de·

194 1498 216 1548 ai
228 1513 278 1563 qua
290 1513 339 1562 ego
352 1500 377 1546 in
390 1515 417 1548 re
437 1500 513 1549 fratri
524 1509 567 1548 tuo
581 1500 655 1563 Reip.
666 1515 725 1548 cau·
763 1503 852 1547 terret.
886 1501 990 1549 Namin
1009 1501 1209 1561 verbosocinns,
1226 1502 1294 1551 huuc

194 1588 224 1623 sa
234 1575 383 1634 restiterim,
401 1583 461 1639 peto
480 1584 509 1625 ut
527 1576 586 1624 milri
599 1577 726 1638 ignoscas.
764 1575 845 1627 locum
868 1576 970 1625 recitat.
1014 1579 1149 1627 Praeterea
1171 1575 1296 1626 differunt

193 1650 255 1698 Tam
267 1650 335 1699 euim
346 1667 401 1700 sum
412 1653 507 1700 amicus
517 1651 638 1714 Reipubl.
650 1666 726 1715 quam
763 1650 865 1697 omuino
873 1650 983 1708 facinora
993 1667 1009 1699 a
1019 1654 1135 1714 flagitiis,
1146 1668 1204 1701 unm
1220 1659 1247 1700 et
1253 1651 1296 1711 su-

195 1724 368 1788 quimaxime.
401 1726 728 1784 Siveromeumsulutem,
764 1724 963 1772 cinusiuterdum
975 1727 1066 1775 bonum
1083 1736 1134 1787 est,
1146 1736 1241 1777 etcum
1253 1733 1295 1778 est

194 1807 287 1849 eontra
299 1800 368 1848 iilius
381 1800 506 1862 impetum
518 1801 544 1847 iu
553 1815 594 1848 me
606 1801 729 1849 crudelis·
766 1800 860 1846 malum
879 1801 959 1861 magis
978 1801 1056 1849 habet
1078 1803 1198 1865 quiddam
1216 1817 1293 1868 quam

194 1874 288 1924 simum
299 1873 652 1938 defenderim,&c.'etpaulo
661 1884 728 1940 post,
760 1874 892 1937 flagitium.
928 1876 963 1923 At
985 1877 1101 1938 superius
1123 1892 1223 1941 quoque
1241 1892 1294 1933 uun

193 1949 202 1975 ⁴
216 1955 295 2010 atque
305 1948 359 2009 ille,
381 1948 449 2012 quod
462 1957 488 1999 te
505 1951 631 2000 audivisse
643 1953 729 2016 credo,
766 1963 815 1997 uno
825 1949 1012 2012 locojlugilium
1024 1958 1050 1998 et
1053 1951 1150 2009 fucinus
1161 1953 1295 2015 conjunxit

192 2022 280 2088 pridie
300 2024 360 2089 Kal.
383 2023 442 2074 Jan.
464 2039 515 2087 qua
537 2025 631 2087 injuria
653 2042 727 2077 uerno
764 2026 907 2076 Sallustius.
924 2026 1295 2092 Flagitiosissimaquoquei'a-

193 2114 304 2163 unquam
323 2093 348 2156 i'n
366 2099 453 2162 qliquo
470 2102 621 2163 magistratu
634 2102 726 2165 impr-0,
764 2101 852 2149 ciuora
879 2103 995 2164 appellat
1020 2103 1043 2149 iu
1069 2103 1209 2165 Jugurtlra.
1236 2103 1294 2152 Ata.

192 2174 309 2224 bissimus
319 2176 383 2224 civis
392 2173 501 2224 affectus
509 2184 558 2237 est,
577 2193 607 2226 ea
617 2193 656 2225 me
667 2194 726 2228 con·
764 2177 860 2227 diuisui.

194 2251 276 2300 aulem
293 2249 391 2313 affecit,
402 2266 459 2299 cum
475 2252 566 2314 Remp.
580 2269 725 2304 conservas·
797 2253 936 2316 coopertus]
963 2254 1005 2302 Sic
1027 2254 1200 2315 Jugurtlrino;
1222 2253 1295 2306 ‘iuo-

194 2339 256 2388 aem,
284 2327 412 2376 concionis
441 2327 567 2376 habendae
594 2337 725 2392 potestate
763 2340 821 2388 pern
840 2334 867 2374 et
887 2335 1036 2390 coopertum
1059 2327 1167 2374 miseriis
1190 2325 1295 2377 effecit:

195 2401 324 2465 privavit'
357 2403 477 2452 Gliscens
499 2405 596 2453 invidia
622 2408 725 2456 tandem
764 2402 857 2450 Horat.
873 2404 880 2428 ‘
899 2403 1063 2464 Famosiaque
1079 2402 1153 2464 Lupo
1170 2407 1295 2464 cooperto

196 2476 272 2541 plane
299 2478 392 2541 erupit,
409 2486 443 2527 ‘et
467 2480 640 2543 quinquennio
669 2490 727 2545 pont
765 2475 898 2523 versibus?
932 2477 1038 2524 Tacitus
1060 2476 1153 2525 Annal.
1170 2490 1215 2524 ιιι.
1232 2474 1296 2526 ‘Ne

197 2551 253 2614 ejus
263 2553 418 2601 consulatum
431 2569 447 2602 a
458 2555 490 2602 Ρ.
509 2555 602 2604 Clodio
616 2557 641 2604 iq
654 2558 726 2607 exin.
766 2551 823 2612 quis
834 2550 888 2596 vitu
900 2550 1045 2611 probrosus,
1062 2559 1090 2598 et
1106 2556 1242 2614 coopertus
1258 2550 1297 2599 iu·

197 2640 239 2677 um
250 2626 401 2677 missnsest.
446 2631 487 2678 De
499 2632 546 2678 bac
557 2631 652 2680 invidia
666 2648 726 2682 con·
764 2624 852 2689 samin,
876 2625 1033 2687 Pfodssilflffi
1055 2626 1294 2678 ⁸⁰riifei¹1r302i⁰

196 2705 352 2767 tumulisque
362 2707 527 2769 conqueritur
537 2708 628 2757 Cicero
639 2724 684 2771 pro
694 2711 725 2761 Ρ.
764 2702 832 2764 apud
845 2702 957 2751 Gellium
967 2703 984 2750 ¹·
993 2716 1055 2756 xut-
1065 2708 1106 2753 2³.
1127 2704 1134 2731 ‘
1145 2706 1230 2755 Quum
1249 2718 1295 2752 ne·

195 2777 293 2828 Sextio.
319 2780 393 2828 Brun.
764 2777 856 2831 sarium
879 2779 979 2829 facinus
997 2779 1084 2841 pejore
1102 2778 1215 2830 facinore.
1233 2793 1294 2844 ops·

228 2857 316 2904 Puram
327 2857 456 2919 compertu]
475 2859 569 2907 Parum
580 2861 724 2922 explorata.
766 2855 815 2902 rire
828 2855 958 2918 postulas!
981 2855 1088 2904 Cilicon-

193 2932 259 2986 Nam
271 2948 329 2982 cunr
343 2941 418 2982 tauta
429 2941 498 2982 esset
510 2935 547 2983 rei
566 2935 727 2998 magnitudo,
798 2932 936 2994 Conpertus]
954 2933 1012 2980 Non
1028 2932 1123 2979 leuiter
1132 2932 1237 2991 tinctus,
1248 2928 1295 2978 sed
1381 2932 1390 2951 ·

198 3008 315 3071 proiecto
326 3017 396 3062 esset
412 3010 484 3058 uobis
496 3010 640 3062 nrauifesta.
657 3013 727 3062 Qua-
765 3006 840 3067 plane
850 3007 971 3054 imbutus.

195 3092 300 3146 propter
312 3086 493 3148 comprehendi
506 3094 601 3149 potest,
623 3088 726 3136 menda.
798 3081 920 3142 Castores]
938 3081 1061 3128 Censurae
1074 3078 1172 3126 initium
1187 3076 1246 3136 suit,
1257 3076 1295 3126 rai

197 3171 252 3207 tem
273 3166 301 3206 et
321 3159 410 3208 falsum
431 3176 487 3210 esse
504 3163 530 3210 iu
545 3164 726 3225 conjuratione
765 3171 780 3203 a
803 3171 882 3218 parva
900 3155 998 3216 origine
1017 3163 1096 3202 otim:
1127 3167 1183 3214 ‘1¹¹ae
1200 3150 1295 3200 deinde

199 3233 324 3284 Catilina.
350 3236 406 3284 Vall.
766 3237 838 3280 tauto
855 3233 1014 3280 incremento
1037 3236 1113 3278 aucta
1134 3235 1183 3289 est,
1201 3233 1295 3277 utmo-

230 3311 342 3360 ωλι
360 3313 494 3375 Sedima]
517 3313 556 3361 Ad
574 3313 601 3361 id
619 3313 727 3376 respicit
766 3320 821 3354 rum
848 3305 1040 3368 disciplinaque
1066 3305 1187 3353 Romanae
1215 3318 1296 3366 penca
1351 3340 1353 3348 ,

196 3387 727 3451 quodsuperiusdixit‚1irlitr·isproculonso-
766 3396 822 3430 earn
846 3383 970 3446 regimen,
992 3384 1101 3431 Senatus
1122 3383 1295 3446 Equilumquc

193 3464 234 3512 iia.
259 3464 392 3513 Putabant
404 3465 508 3528 quidem
521 3465 727 3512 omnesurbitros
766 3460 890 3506 centuriis
916 3459 1017 3508 decoris
1040 3460 1224 3522 dedecorisque
1244 3457 1297 3506 dia·

193 3545 221 3588 et
243 3541 400 3588 revelatores
424 3541 514 3603 procul
535 3555 591 3588 esse
621 3551 729 3600 amotos,
766 3533 862 3581 crimen
883 3534 930 3581 sub
942 3533 1038 3582 ditione
1049 3536 1106 3597 ejus
1125 3536 1297 3597 magistratus,

194 3614 238 3663 red
246 3630 296 3662 non
305 3614 409 3663 suerunt
418 3616 507 3672 amoti,
515 3617 574 3678 qnia
582 3617 727 3663 unusinter-
767 3609 926 3671 Pilbliiffl'ssm
937 3609 991 3670 jun
1010 3611 1217 3674 Pl'illiltfffl'lque
1227 3612 1296 3659 ¹0⁰⁰·

194 3687 253 3751 suit,
263 3691 363 3738 scilicet
376 3691 488 3739 eriutuu
496 3691 645 3753 Crrriur‚qui
656 3705 727 3738 reve·
767 3698 830 3743 rum,
841 3685 977 3745 vectigalia
990 3685 1076 3745 populi
1089 3685 1162 3733 Rom.
1174 3685 1221 3734 autb
1232 3690 1296 3732 nutu

195 3763 265 3811 lavit.
290 3767 323 3813 Et
341 3765 388 3812 hoc
405 3772 454 3826 est,
471 3765 559 3814 Sedin
579 3781 605 3813 eo
622 3766 728 3826 conjuro·
767 3769 844 3825 utque
856 3759 962 3807 arbitrio
974 3759 1068 3808 essent.
1102 3762 1195 3811 Ortum
1209 3767 1296 3809 autern

200 3839 271 3886 tione.
285 3840 366 3890 idem.
766 3837 867 3885 initium
880 3836 933 3899 ejus
953 3845 1002 3894 est,
1021 3847 1087 3900 quod
1100 3839 1124 3884 in
1138 3837 1231 3898 populo
1249 3845 1296 3896 per

229 3913 261 3969 Q·
276 3915 373 3977 Curius]
398 3918 483 3972 eriuti
501 3917 663 3974 dicebantur,
684 3915 728 3978 qui
767 3917 859 3962 multos
872 3929 951 3961 annos
973 3929 1022 3963 nou
1044 3930 1129 3972 cetron,
1148 3925 1230 3972 neque
1247 3907 1299 3958 dii·

195 3990 288 4056 qninto
310 3991 367 4039 loco
388 3996 441 4042 nati
464 4002 557 4041 crant:
589 4001 616 4039 ut
638 3992 728 4040 Franr.
767 3989 828 4038 ferri
841 4005 932 4039 cerneus
946 4000 1065 4054 poterat:
1085 4002 1167 4049 neque
1187 3984 1297 4032 consuli·

197 4068 370 4129 Robortellur,
382 4069 419 4116 uir
428 4070 513 4117 multa·
528 4067 689 4126 eruditionis,
701 4073 729 4114 et
768 4068 823 4131 bus,
834 4084 892 4117 cunr
905 4076 944 4116 tot
957 4069 1106 4129 populorum
1127 4062 1195 4108 bella
1217 4059 1297 4110 immi·

196 4142 244 4192 lsac
261 4149 339 4191 rotate
358 4151 447 4192 nostra
466 4145 535 4191 iuter
551 4144 641 4190 doctos
653 4142 730 4190 iacile
768 4153 1024 4206 nerent,opcraeerar
1035 4140 1059 4187 id
1070 4137 1201 4197 negotium
1211 4150 1309 4199 agere.-

199 4217 326 4286 priuceps,
347 4218 373 4270 iu
385 4219 451 4271 libro
463 4233 565 4270 suarum
579 4217 731 4271 Auuotutio·
768 4221 856 4273 Quare
872 4231 927 4268 cos.
946 4217 984 4266 M.
995 4211 1112 4276 Geganio
1123 4210 1240 4264 Macrino
1250 4211 1298 4270 ite.
