3000 5040
268 358 335 425 72⁰
622 362 730 419 tronus
753 368 955 418 vsarouuu
979 366 1019 417 tu

301 517 424 567 cauendus
433 521 511 565 tusses
526 511 650 576 Μυκη]
670 515 733 577 Lep.
744 518 797 562 tas·
835 512 979 575 tradantur,
997 511 1071 561 burlo
1090 507 1242 573 gladiatorio
1260 507 1362 569 inclusi,

267 597 328 644 sess.
360 592 443 641 idam.
835 590 902 640 uode
919 590 1012 654 pedem
1032 587 1134 649 efferre,
1149 587 1232 636 donec
1246 585 1364 635 dominns

302 667 513 730 matronarum
522 665 651 715 nolentibus
667 663 732 714 oolla
742 678 798 727 raas,
831 667 949 730 jusserit,
959 666 999 715 fas
1018 667 1123 729 impons
1141 678 1191 712 nou
1210 662 1258 712 sit:
1275 668 1321 712 aut
1336 662 1364 711 ln

266 758 336 810 paror
353 745 402 794 illis
420 742 586 792 mmsis
601 742 701 805 nciam]
717 742 799 804 Supra
835 743 1057 792 immundissimam
1069 741 1182 803 saginam
1197 738 1294 787 detrusi
1307 750 1363 786 are-

267 821 330 884 5¹8·
341 835 364 870 c.
376 825 433 871 Μ.
457 820 609 884 ‘tutiusque
623 820 672 869 rati
690 820 798 868 soleati-
835 833 876 868 nar
888 817 997 882 denique
1015 824 1189 872 reserventur.
1199 813 1270 863 t'erro
1281 821 1309 863 et
1324 812 1363 862 fe-

268 895 317 949 bus
336 912 412 961 qnam
433 897 529 946 coactis
551 897 724 959 imperitsrez’
747 896 799 945 alis
835 894 870 943 ris
881 894 908 942 in
919 900 1034 955 tempore
1045 891 1208 956 objectantur
1224 890 1271 939 sed
1282 889 1362 938 bbere

267 973 381 1035 exempl.
400 973 468 1020 mile
484 986 509 1033 p.
528 986 549 1020 o.
566 971 639 1032 orbis,
649 985 719 1034 quast
733 971 799 1020 illius
836 969 926 1018 etsine
943 968 1061 1018 custodia
1071 966 1161 1027 babiti,
1171 966 1221 1014 buc
1231 965 1291 1014 illuc
1302 965 1364 1027 ipsis

266 1047 598 1098 morosae-offen.
632 1048 720 1098 Ciscc.
835 1047 874 1095 ire
885 1046 975 1106 liceat,
990 1060 1042 1109 quo
1062 1045 1146 1093 animo
1158 1043 1238 1100 lubet,
1250 1043 1297 1090 boc
1308 1043 1364 1091 solo

302 1124 385 1186 Nepae
406 1123 469 1172 miss
485 1122 623 1184 memus
643 1137 681 1171 rsa
698 1122 798 1186 obedit]
835 1123 984 1172 discrimine
1003 1120 1127 1185 ejusmodi
1143 1133 1225 1185 nugas
1236 1117 1363 1168 bominum

269 1197 390 1248 Donatus
409 1198 474 1248 citat
484 1197 511 1246 iu
520 1199 628 1248 Terent.
638 1199 703 1246 Eun.
714 1205 766 1246 act.
776 1211 797 1246 ι.
834 1198 962 1246 renalium
986 1199 1126 1245 vincentes.
1167 1196 1276 1244 Munera
1294 1208 1369 1258 ergo,

268 1288 306 1324 sc.
324 1278 350 1324 2.
367 1288 399 1323 ex
416 1274 555 1323 Sallustio:
574 1274 589 1330 ,⁴
601 1273 668 1322 item
684 1273 747 1321 nibil
759 1286 798 1321 so·
837 1273 984 1322 Monerales
1005 1272 1077 1336 qnasi
1093 1269 1179 1320 factos
1195 1273 1364 1334 interpretor,

269 1348 522 1399 emutactaudebu:
554 1347 630 1397 Idm.
835 1349 956 1412 podenrlo
968 1347 1073 1413 probro,
1084 1353 1112 1396 et
1121 1361 1171 1411 quo
1182 1347 1209 1394 in
1221 1349 1319 1395 animos
1330 1345 1364 1395 ad

299 1424 400 1474 stude
419 1425 549 1473 libertatem
570 1424 628 1484 rati,
646 1423 701 1485 quio
723 1421 799 1484 tergis
835 1425 986 1474 servitutem
997 1420 1161 1488 (qnamidem
1173 1422 1367 1471 totabscOra·

267 1499 410 1561 metm]
421 1500 546 1548 Existimo
553 1512 650 1560 rocem,
658 1499 798 1562 tommo,
836 1501 906 1550 done
917 1499 1062 1553 Quiritibus
1072 1498 1201 1562 obJectst)
1208 1504 1312 1561 paratos
1320 1498 1365 1547 aa·

264 1575 395 1638 ¹glossemu
406 1590 470 1624 esse.
487 1574 572 1624 Tscit.
586 1574 656 1624 Hist.
669 1588 700 1625 ιι.
717 1577 725 1602 ⁴
737 1575 799 1638 Ipse
836 1576 982 1642 dictosque,
993 1576 1054 1624 nibil
1066 1573 1135 1624 siiud
1145 1573 1195 1622 diei
1205 1574 1284 1635 possit
1292 1586 1365 1637 aspe-

269 1646 372 1703 sbnnde
392 1657 462 1698 ratus
474 1649 495 1699 si
511 1649 683 1713 praesentibus
700 1649 799 1701 fruere·
835 1651 900 1712 rins,
910 1660 957 1701 sut
967 1649 1158 1700 amsmlentius.
1191 1649 1282 1697 Druso.

270 1723 329 1774 tur.'
364 1725 438 1774 ldsss.
869 1725 982 1789 Munere]
1009 1726 1040 1776 id
1057 1734 1107 1780 est.
1122 1722 1256 1773 Beneficio
1269 1723 1363 1774 ditium

300 1799 402 1849 diuers
422 1800 509 1849 ditium
533 1802 689 1866 murium]
716 1804 799 1856 Quam
837 1801 1004 1863 dominorum,
1015 1800 1059 1865 qni
1076 1801 1210 1863 muniam
1225 1799 1366 1862 largiendo,

270 1871 303 1923 ati
321 1888 376 1922 rem
396 1875 554 1938 potissimum
566 1877 705 1926 clausulam
722 1877 799 1926 istam
837 1892 882 1928 eos
899 1893 915 1926 a
934 1876 1065 1926 laboribus
1085 1889 1131 1939 pro
1149 1883 1264 1937 tempore
1275 1873 1365 1923 tibers-

268 1949 799 2014 attiueredicerem,sepemecumetoum
837 1951 909 2001 bant.
943 1951 1013 2014 ssyr.

266 2023 419 2073 utlmomeo
431 2025 590 2087 agitaviJnrn
603 2038 695 2087 autem
716 2042 799 2092 neque
870 2026 992 2091 Curiam]
1019 2026 1233 2091 Cyzicum-insula
1253 2027 1279 2076 in
1300 2027 1366 2075 Pro

270 2105 357 2149 tamen
376 2113 488 2163 unquam
509 2098 541 2148 ad
569 2108 666 2149 certam
688 2102 799 2164 aliquam
838 2103 954 2166 ponticis,
967 2116 1024 2166 quae
1043 2102 1142 2150 dnobus
1154 2101 1365 2164 pontibuscouti·

236 2232 239 2236 Α
269 2175 443 2240 conjectum
454 2176 526 2239 quivi
536 2176 660 2226 eradere:
679 2191 747 2227 nunc
757 2193 799 2226 ve·
837 2178 909 2226 nenti
920 2177 1043 2241 adhorret,
1054 2184 1144 2240 estque
1160 2178 1185 2226 iu
1201 2192 1232 2226 ea
1242 2176 1303 2227 urbs
1314 2178 1366 2226 cla·

268 2249 408 2301 madeant
418 2252 571 2301 sententiam
581 2252 682 2303 accedit
691 2254 799 2315 animm,
837 2256 946 2318 rissiura,
965 2256 998 2304 de
1017 2270 1069 2319 qua
1088 2255 1194 2303 Florus:
1220 2256 1365 2317 ‘Cynicum

271 2334 301 2381 ut
310 2343 416 2392 munero,
424 2343 474 2378 nou
486 2336 573 2378 antem
583 2345 685 2393 masere,
695 2345 800 2380 cousen-
838 2330 930 2380 nobilis
940 2330 1043 2392 civitas,
1052 2342 1121 2392 srce,
1132 2329 1267 2387 moenibus,
1279 2336 1365 2392 portu,

271 2401 396 2452 tientibus
407 2404 596 2468 manuscriptis,
607 2405 738 2455 emendari
749 2407 800 2470 pia·
839 2407 1004 2471 turribusque
1014 2405 1170 2465 marmoreis,
1180 2402 1302 2453 Asiatica
1314 2405 1367 2467 pla·

271 2483 354 2538 ceret,
362 2478 431 2542 quod
443 2480 546 2542 quidem
557 2494 604 2543 per
613 2481 800 2545 appositionem
839 2495 878 2544 μ
896 2483 972 2531 litora
991 2483 1111 2530 illustror.
1144 2479 1220 2530 Hauc
1236 2479 1278 2528 ilie
1291 2479 1365 2542 quasi

271 2550 399 2614 additum,
410 2559 487 2617 etque
504 2555 552 2603 lroc
564 2564 641 2617 poeto
653 2557 800 2619 interpunc—
838 2558 946 2605 alteram
958 2558 1065 2605 Romam
1075 2564 1132 2605 toto
1143 2556 1271 2604 inuaserat
1284 2554 1368 2618 bertof

273 2633 342 2675 trum:
361 2629 396 2675 Et
407 2629 459 2689 buc,
476 2633 500 2676 et
516 2630 572 2677 illac
582 2631 617 2677 ire
627 2631 692 2691 dcet,
704 2647 800 2680 munero
837 2635 887 2680 &m
904 2634 975 2695 Lege
987 2632 1139 2680 Strabonem
1152 2631 1168 2678 i.
1180 2644 1231 2680 ιιι,
1248 2630 1365 2679 Valerius

270 2701 355 2747 ditium
371 2703 530 2756 dominorum
554 2704 587 2751 ad
604 2707 713 2753 Munera
732 2707 800 2755 tiroa-
837 2706 1030 2755 Pincensia.
1055 2704 1151 2767 Argon.
1177 2705 1254 2752 ‘Nec
1276 2705 1366 2767 procul

270 2774 357 2833 tralla,
377 2782 405 2822 et
424 2774 592 2835 gladiatorum
605 2776 713 2827 familias
732 2780 799 2829 refe·
837 2779 868 2827 ad
880 2780 964 2827 tenuis
975 2779 1057 2841 surgit
1078 2777 1189 2827 confinis
1206 2780 1284 2827 Ponti
1296 2779 1366 2829 Urbs

270 2849 380 2899 ruudnm
392 2849 512 2910 arbitror,
523 2850 614 2914 quibua
632 2853 738 2903 Marcus
749 2855 798 2904 iste
837 2853 939 2916 placitis
949 2853 1142 2915 demissajugis‚
1152 2867 1197 2900 rex
1207 2854 1293 2902 divitis
1302 2854 1367 2917 agri,

271 2939 333 2988 pop.
342 2927 415 2974 Rom.
424 2926 511 2974 addici
521 2928 671 2988 contendit;
688 2944 732 2978 eos
743 2932 799 2980 Mn·
837 2928 964 2993 Cynicus!
982 2928 1203 2979 Ovid.l.1.Trist.
1220 2931 1227 2955 ‘
1238 2930 1367 2994 ilicoque,

271 3015 333 3050 usrs
343 3001 433 3051 ditium
450 3002 611 3052 dominorum
622 3007 701 3068 (quod
718 3021 799 3070 penus
836 3003 1017 3067 Propontiacis
1028 3003 1167 3051 baereutem
1181 3005 1294 3066 Cyzicon
1306 3008 1367 3070 oris,

270 3076 423 3138 Munerarii,
442 3078 491 3128 boc
510 3085 561 3140 est,
576 3080 714 3131 Muncrum
729 3084 800 3132 eslii-
837 3079 951 3143 Cyzicon
963 3078 1085 3127 AEmonias
1098 3079 1183 3128 nobile
1196 3081 1368 3145 gentisopus!

272 3151 372 3202 bitures
384 3151 518 3215 eluebant)
536 3157 719 3206 contumeliose
737 3159 800 3207 satis
869 3155 910 3205 Au
931 3154 1055 3218 Cyzicum]
1073 3155 1113 3202 An
1132 3156 1246 3218 loquitur
1264 3157 1297 3206 de
1316 3157 1367 3206 Lu·

273 3242 321 3288 pro
338 3228 373 3277 rei
385 3228 540 3292 indignitate
552 3234 702 3295 appensum
720 3249 800 3299 eoque
837 3232 914 3293 eullo,
932 3233 975 3296 qui
993 3232 1098 3295 egregia
1117 3232 1226 3280 uictoria
1244 3234 1365 3296 Cyzicum

271 3303 379 3364 ignauiae
400 3320 546 3365 processum
567 3310 664 3372 dicens,
681 3317 710 3359 ut
730 3312 801 3361 cives
838 3309 979 3359 liberarat?
1008 3312 1085 3359 Coier.

271 3376 387 3439 5¹¹80¹¹¹¹52
404 3386 431 3425 ‘t
447 3383 516 3440 (quae
535 3384 600 3448 rstip
620 3387 729 3435 maxims
748 3388 801 3451 est)
875 3385 909 3433 Ut
921 3386 1035 3434 mulsere
1053 3400 1149 3447 corpeus
1165 3386 1271 3449 plerique
1285 3401 1367 3450 reque·

273 3451 390 3511 Romani,
412 3467 462 3501 nou
487 3455 599 3514 servitio,
619 3459 664 3506 sed
693 3462 801 3523 imperio
840 3465 917 3521 astes,
930 3461 1001 3522 sesai,
1021 3460 1073 3522 bo]
1096 3461 1367 3522 Famssoilustianis

272 3526 337 3587 uati,
349 3529 800 3596 praeclatesecumagionistunrent3
838 3538 988 3586 censoribus
1006 3539 1135 3596 additum
1153 3540 1229 3599 idque
1239 3538 1288 3597 (uti
1305 3539 1367 3600 ipsis

273 3603 295 3652 si
307 3605 385 3664 tergis
403 3605 573 3666 abstineatur,
591 3608 640 3657 boc
658 3618 707 3672 est,
718 3612 738 3658 si
750 3627 801 3661 nou
839 3624 988 3672 persuasum
997 3613 1085 3673 est)esr
1092 3612 1366 3663 Servioobservautes:

273 3683 392 3744 scapulas
411 3696 468 3731 snas
489 3685 520 3731 ad
535 3685 706 3747 qnotidianam
726 3689 801 3751 virgi·
840 3687 992 3736 ‘Sustinere
1012 3700 1122 3749 corpora
1138 3688 1252 3751 plerique
1273 3703 1366 3753 neque-

273 3756 384 3806 demiam
404 3760 561 3821 praebentes,
573 3754 800 3827 alienae'superbios
839 3766 932 3828 untes,'
951 3767 1078 3829 professi,
1097 3767 1209 3828 positum
1228 3769 1275 3818 boc
1292 3771 1365 3820 loco:

274 3832 398 3892 ludibrio,
421 3848 450 3880 ac
473 3833 608 3898 flagitribae
636 3838 696 3897 sint,
719 3853 802 3903 neque
839 3842 936 3906 quippe
962 3843 1108 3891 Sallustiani
1135 3853 1271 3894 contextus
1295 3848 1366 3910 quasi

274 3907 325 3970 (sic
337 3915 467 3972 tamquam
483 3912 592 3972 legitimi
609 3913 764 3974 gladiatores
775 3918 801 3964 in
840 3917 1118 3980 interpretamentum:
1152 3922 1219 3983 qrrod
1247 3922 1268 3970 si
1293 3931 1366 3973 recte

275 3982 436 4033 dominorum
449 3987 516 4047 leges
533 3990 670 4051 auctorati,
681 3991 737 4051 Uri,
750 3993 802 4039 viu·
838 3992 916 4040 iidem
927 3992 963 4040 ilii
974 3992 1025 4055 (uti
1043 4007 1090 4055 par
1110 4000 1178 4053 erat)
1188 3998 1365 4062 attendissent,

275 4058 331 4119 oiri,
342 4059 482 4123 verberari)
494 4062 584 4111 mimis
601 4066 802 4131 corporibusque
840 4080 967 4130 nonquam
984 4066 1103 4129 profecto
1115 4072 1267 4133 glossemate
1281 4074 1367 4122 Servi.

275 4132 386 4183 addictis
398 4135 511 4184 taatsm
524 4137 600 4186 alicui
609 4138 702 4187 Tbrsei
712 4140 737 4188 in
748 4155 804 4189 cus
840 4154 889 4190 ano
901 4141 1081 4192 Solitutianam
1093 4145 1223 4194 bistorlaru
1234 4146 1366 4200 miscendo

277 4212 375 4265 todioni
393 4229 482 4280 porro,
501 4221 579 4280 atque
595 4214 623 4265 in
642 4214 803 4282 disciplinam
839 4219 1079 4288 commacrdssseut,
1104 4235 1163 4272 curn
1187 4236 1237 4272 vox
1255 4221 1319 4282 sessi
1338 4225 1365 4274 in
