3000 5040
529 362 773 429 iussurum,
813 365 892 416 unu.
915 367 967 417 ru.
1230 355 1297 422 729

200 502 300 557 scilicet
315 503 516 570 prn'positi'ouc:
534 513 562 556 ut
584 507 673 558 Graeci
694 507 732 557 di·
767 505 895 559 Romanos
910 480 978 558 hisne
997 508 1046 558 sibi
1061 509 1233 561 hereditatem
1242 511 1300 561 viu·

199 580 731 646 euutlrdme3scdidemi⁷irgilins‚isisou-
768 584 937 647 dicasse‚&e.
968 586 1050 633 Ursis
1297 626 1301 631 .

198 659 248 716 uic,
268 658 354 707 otium
365 659 456 721 plurali
473 673 518 722 pro
535 659 628 722 vigiliis
637 661 731 723 posuit,
770 694 773 701 ⁴
799 659 970 722 Aristonicum]
990 661 1099 709 Variani
1111 661 1177 710 inter
1187 676 1214 710 se
1225 668 1299 712 vete·

199 736 287 787 thoe
303 736 345 782 rue
364 749 512 797 suspensam
534 736 658 785 insomnia
681 741 732 785 ter·
768 738 1006 788 resiiistoricinou
1020 753 1117 801 purum.
1152 740 1218 788 Nam
1240 738 1299 790 hir,

200 812 287 859 renti’
320 811 732 863 Quamvisethicsomuiaintel-
768 813 883 877 epitoma
894 814 913 863 ir
924 811 1002 863 ι’νιιι.
1027 815 1147 863 Eumenis
1160 812 1301 878 Regisiill·

198 885 243 949 ligi
266 894 381 950 possunt,
404 887 496 950 quihus
515 888 594 937 tereri
607 890 731 951 potuerit.
768 904 810 937 ιιιιι
823 889 896 951 dicit,
915 896 942 939 ct
964 891 1156 940 itemiustiuns
1169 892 1185 938 l.
1198 904 1301 942 xxxvl,

200 963 242 1011 ita
252 964 376 1012 Curisium
388 964 506 1014 eruenda.
540 966 673 1013 Falluntnr
687 980 731 1014 au·
768 967 812 1030 qui
824 969 950 1030 nonjusto
961 968 1132 1029 matrimonio,
1140 968 1186 1017 sed
1196 983 1230 1017 ex
1244 969 1301 1032 peis

199 1047 260 1100 tem,
271 1041 324 1104 qui,
336 1039 485 1100 insomnium,
496 1055 544 1104 pro
555 1042 645 1090 eodem
657 1049 731 1091 exitu
767 1045 817 1092 lice
829 1045 943 1108 genitum
954 1045 1052 1094 scribit.
1077 1044 1113 1093 At
1125 1044 1225 1105 Florus,
1233 1041 1303 1108 regii

197 1117 256 1165 iisse
270 1118 389 1181 antiquus
401 1117 581 1167 crediderunt:
599 1120 672 1182 cnjus
688 1133 731 1167 ex·
768 1120 899 1179 sauguinis
909 1120 1023 1170 ferocem
1031 1121 1154 1183 juvenem
1165 1121 1303 1183 appelletu-

198 1194 284 1256 empiu
294 1194 365 1241 nulls
377 1199 445 1253 suut,
456 1193 544 1256 itaque
561 1192 630 1256 apud
642 1192 731 1243 Sueto·'
768 1195 926 1260 Pomponius
935 1210 996 1244 vero
1005 1197 1091 1245 Laelus
1100 1202 1190 1243 auctor
1198 1205 1300 1256 recens,

199 1267 269 1316 nium
279 1269 397 1330 Caligula
416 1268 500 1316 scribe
511 1282 543 1316 ex
556 1276 645 1319 vetere
655 1264 730 1329 libro,
768 1271 888 1322 Eumenis
908 1279 1026 1336 nepotem
1046 1271 1143 1319 tradit:
1162 1271 1229 1335 quod
1243 1270 1303 1333 plan

196 1345 380 1394 ‘incitabatur
401 1346 529 1394 insomniis
548 1348 674 1396 maxime:
688 1363 731 1397 nea
767 1357 820 1409 eet,
842 1349 863 1397 si
882 1357 984 1399 veteres
1004 1347 1121 1397 historici
1143 1345 1303 1394 auctoritate

198 1430 247 1484 que
264 1423 332 1470 enirn
353 1420 487 1485 plusquam
506 1421 588 1471 trihus
600 1424 731 1473 nocturnis
767 1417 865 1474 nititur.
892 1427 990 1474 Rursus
1002 1420 1299 1474 Eurssmemaliidieuut

197 1498 266 1546 horis
277 1497 428 1562 quiescebat
440 1499 457 1557 ;'
480 1512 541 1559 uon,
555 1499 670 1548 msomuio
679 1516 690 1557 ‚-
702 1505 731 1549 ut
768 1500 852 1550 Attali
873 1510 984 1565 patrem,
1008 1502 1051 1551 alii
1074 1506 1204 1564 patruum,
1220 1505 1258 1547 ut¹
1270 1498 1303 1548 ln

196 1574 281 1637 vulgo.
315 1573 391 1625 Quod
414 1588 474 1622 vero
496 1575 600 1638 propius
620 1575 654 1623 ad
677 1589 731 1624 reru
768 1582 842 1625 tauta
868 1577 1058 1626 Historicorum
1086 1575 1222 1635 varietate,
1248 1572 1299 1624 fote

198 1649 301 1710 attinet,
310 1651 408 1699 Persen
428 1650 543 1713 Philippi
562 1651 591 1699 F.
611 1651 732 1699 interce·
769 1659 836 1701 tasse
847 1654 919 1702 locus
938 1653 972 1703 sit
991 1652 1088 1716 aliquid
1105 1648 1254 1713 suspicandi
1265 1648 1301 1699 do

198 1732 269 1773 teras
282 1726 315 1773 de
331 1731 414 1773 morte
435 1725 501 1773 illins
513 1726 659 1788 opinionem¹
673 1726 732 1773 don*
769 1728 862 1777 mendo
875 1729 983 1792 uulgata·
994 1727 1120 1776 lectionis.
1140 1725 1215 1774 idem.
1252 1759 1273 1764 -«
1297 1752 1302 1761 ·

198 1802 235 1868 rip
246 1805 402 1853 exstinctum
413 1818 478 1863 esse,
498 1805 665 1868 scriptoribus
678 1805 732 1868 ple·
776 1837 777 1840 =
802 1805 929 1854 Nicomede
940 1802 1042 1865 mortno]
1070 1802 1121 1853 Qui
1132 1800 1244 1849 moriens
1255 1814 1301 1863 pu·

200 1881 287 1946 risque
304 1881 432 1945 placuisse
444 1880 610 1929 aPlutarcho
621 1882 733 1930 relatum
770 1881 857 1943 pulum
870 1881 1013 1929 Romanum
1022 1877 1085 1926 iecit
1093 1876 1230 1926 heredem:
1243 1889 1300 1940 reg·

198 1965 247 2006 est.
270 1957 367 2006 Carrio.
769 1970 829 2004 ιιιιιιι
839 1955 893 2018 ejus
903 1956 928 2003 in
939 1953 1084 2003 Provinciis
1094 1951 1200 2001 formam
1210 1949 1300 2001 redac-

204 2033 288 2081 'Post
315 2033 435 2096 Attalum]
472 2032 586 2095 Attalns,
608 2033 731 2097 Pergami
770 2038 884 2080 tumeat.
906 2032 967 2079 Bud.
1300 2064 1303 2071 .

198 2117 254 2171 tex,
264 2109 384 2172 pecuniae
395 2109 535 2158 ditissimus
552 2123 578 2159 et
595 2110 732 2174 splendide
773 2138 775 2143 ·
803 2110 864 2158 Cum
874 2109 945 2174 filius
972 2109 1054 2170 anoe,
1084 2106 1136 2169 iso]
1165 2105 1300 2168 Scriptura

197 2180 391 2249 sbnnuanuque
412 2186 604 2250 suppellectile.
627 2186 702 2237 ἸΡΙίιι.
712 2188 730 2237 io
768 2200 823 2252 prae
832 2188 888 2237 eliis
896 2185 1019 2249 insignite
1031 2199 1120 2248 prava,
1139 2192 1166 2233 et
1177 2198 1234 2247 quae
1245 2183 1302 2232 Sti·

197 2272 261 2310 rur.
290 2260 462 2324 Propertius:
479 2263 487 2290 ‘
500 2262 557 2311 Nec
571 2263 642 2312 sitin
655 2263 730 2313 Atta·
768 2265 846 2313 lustio
857 2278 908 2313 uon
917 2263 992 2312 modo
1003 2261 1087 2310 iraudi
1097 2259 1157 2320 suit,
1167 2258 1302 2310 sedetiam

198 2337 551 2388 sicomorameanixatoro!
586 2339 637 2387 iiic
655 2354 670 2386 a
685 2354 731 2402 po·
768 2340 836 2388 viros
854 2339 976 2388 maximos
993 2338 1018 2386 in
1027 2350 1127 2386 errores
1139 2335 1300 2399 gravissimos

197 2414 258 2477 pulo
278 2415 394 2463 Romano
412 2414 521 2462 donatus
539 2419 579 2461 est
588 2427 620 2460 eo
631 2427 730 2475 regno:
767 2413 888 2463 induxit:
912 2428 1018 2478 quornm
1031 2413 1074 2461 aiii
1086 2413 1188 2475 purtim,
1199 2425 1232 2459 an
1244 2411 1300 2461 hoee

198 2489 256 2537 dum
274 2488 368 2536 liberos
387 2501 438 2536 nou
462 2487 579 2547 heberet,
605 2490 730 2551 populum
767 2489 989 2550 Sallustiiesscnt,
1010 2487 1170 2549 duellorum,
1185 2485 1305 2535 nonnulli

198 2563 344 2614 Romanum
366 2562 487 2612 heredem
516 2562 596 2612 fecit:
610 2564 731 2631 >ejusque
769 2565 877 2626 Nasam,
888 2565 942 2614 sive
951 2566 1050 2628 Nysam
1063 2563 1212 2613 Nicomedis
1221 2562 1302 2624 Regis

197 2640 340 2689 substantia
373 2638 528 2702 amplissima
556 2638 664 2687 Romam
693 2647 732 2690 est
770 2642 899 2705 Bithyniae
927 2640 1008 2689 tilium
1030 2654 1085 2688 esse
1112 2639 1305 2698 crediderunt?

199 2717 295 2764 sliata:
316 2716 383 2764 stude
407 2714 528 2764 Attalica·
547 2723 631 2763 vestes
646 2716 731 2779 spicu-
769 2720 812 2769 ulii
833 2721 912 2769 etiam
940 2719 1030 2768 eadem
1057 2718 1191 2768 occasione
1215 2719 1299 2768 locem

199 2790 278 2856 dise,
289 2798 389 2855 etopes
408 2805 438 2840 ac
456 2790 617 2840 conditiones
635 2790 731 2842 Attali·
767 2796 892 2857 Suetonii,
914 2809 945 2843 ea
957 2795 1037 2856 dere,
1059 2793 1102 2857 qui
1121 2800 1194 2843 recte
1212 2793 1302 2857 hahet,'

198 2879 246 2917 cte.
768 2873 900 2935 corrigere
924 2877 1066 2921 tentarunt.
1106 2871 1190 2918 Vetus
1204 2869 1303 2929 cditiop

231 2945 400 2994 Miserrimum
420 2945 550 3010 umorum]
572 2946 641 2998 Quis
661 2947 730 2996 uitro
767 2948 895 3012 cnmfllius
908 2946 1162 3008 h‘usu,quomreginm
1174 2946 1301 3009 appellare-

197 3020 387 3070 inservieutem.
420 3022 538 3070 Dederat
558 3022 626 3070 enim
644 3021 731 3086 ingen·
768 3024 920 3085 rut‚genitus
931 3022 1073 3071 hauddubie
1089 3027 1157 3081 esset,
1168 3022 1300 3071 minimum
1390 3059 1394 3064 .

197 3096 233 3143 tls
249 3109 355 3143 munera
377 3096 499 3159 Scipioni,
516 3112 572 3159 qne
592 3098 617 3144 iu
637 3112 665 3145 se
689 3112 730 3147 ac·
770 3100 916 3148 severitate.
928 3097 1005 3147 Fabri
1023 3105 1051 3147 et
1064 3097 1214 3156 Bricoueti;
1232 3111 1302 3160 quem

196 3178 332 3234 cepturum
356 3186 403 3234 pro
421 3171 553 3231 tribunali,
565 3173 632 3221 idem
643 3173 730 3237 Scipio
770 3173 918 3234 chernjuur
925 3174 1116 3236 appellaverim
1126 3172 1152 3219 in
1160 3185 1211 3235 qua
1221 3171 1302 3236 scrip·

198 3247 274 3296 dixit.
292 3247 359 3296 Bud.
770 3255 828 3297 turs
838 3248 911 3310 iliud,
921 3249 1104 3310 appellauerunt,
1120 3255 1220 3296 rectum
1231 3245 1302 3295 ride·

207 3325 390 3388 'simulatoque
401 3325 472 3388 impio
481 3327 630 3390 testamento]
642 3326 731 3377 Omni·
768 3325 840 3374 iicet.
872 3324 1023 3386 Vaticanus,
1041 3324 1118 3387 Nyso,
1135 3339 1204 3386 quom
1225 3324 1300 3385 Regi-

199 3413 232 3448 no
254 3399 286 3448 ad
305 3399 424 3449 Attalum
446 3401 597 3465 pertinent:
615 3403 647 3451 de
659 3403 731 3467 cujus
768 3417 840 3450 nom:
856 3401 915 3450 hinc
926 3402 993 3464 iege,
1004 3401 1073 3465 quod
1081 3407 1109 3450 et
1119 3401 1302 3450 humanissimo

197 3482 363 3536 testamento,
397 3483 426 3524 ut
461 3477 608 3525 omittamus
636 3480 731 3529 inultos
769 3476 1097 3541 doctissimoquel'uteano
1116 3476 1302 3536 piaculumst

197 3552 353 3616 scriptorum
373 3559 490 3601 veterum
512 3553 592 3615 locos,
618 3552 731 3617 profere-
759 3555 830 3620 filins
847 3556 930 3614 Nusae,
947 3568 1016 3614 qnam
1036 3552 1154 3611 Reginum
1170 3553 1301 3614 appellum

197 3643 253 3677 mus
270 3643 347 3677 unum
364 3634 463 3690 tautum
483 3628 667 3692 Porphyrionis
679 3644 730 3678 rna·
767 3637 831 3689 rant,
851 3629 946 3690 genitus
966 3627 1030 3674 haud
1050 3627 1120 3674 daile
1135 3633 1202 3676 esset.
1236 3628 1300 3678 Vult

196 3704 332 3766 unscripti,
352 3702 421 3767 apud
440 3719 516 3768 quern
533 3705 730 3754 itahnbeturin
767 3706 835 3754 enim
852 3703 1027 3765 Mithridates,
1048 3704 1127 3766 Nysae
1149 3701 1300 3753 Nicomedis

199 3777 304 3827 Horatii
316 3792 389 3827 versa
406 3794 439 3828 en
451 3778 510 3828 Ode
523 3783 561 3827 18.
578 3780 597 3830 i.
608 3793 639 3829 st.
657 3781 664 3806 ‘
678 3780 730 3830 Nc·
768 3778 837 3838 fitia,
848 3793 924 3844 quam
936 3778 1043 3826 Romani
1055 3779 1168 3841 reginam
1186 3778 1300 3842 appella-

198 3872 249 3922 que
271 3855 353 3906 Attali
364 3859 471 3921 Ignotus
487 3860 561 3909 heres
578 3859 674 3924 regiam
687 3874 730 3908 oc·
766 3863 868 3914 verant,
881 3855 1026 3918 prinsquam
1038 3853 1184 3917 Bithyniam
1205 3854 1300 3918 diripe-

197 3932 311 3996 cupam!
345 3931 449 3981 Attalns
461 3935 517 3982 ilex
537 3933 615 3995 Asius,
634 3935 729 3997 Pergu-
767 3937 835 3993 rent,
846 3929 926 3978 tilium
940 3930 1011 3993 regui
1024 3931 1143 3979 heredem
1158 3937 1246 3979 natum
1258 3929 1299 3980 in·

197 4012 231 4059 rui
245 4010 372 4073 regnavit,
389 4009 463 4072 cnjus
480 4009 651 4060 hereditatem
664 4011 730 4074 Pop.
766 4006 836 4067 isse;
859 4021 910 4056 uon
934 4013 1033 4055 taurim
1054 4005 1299 4068 verisimiliter‚sed

199 4088 272 4136 Rom.
293 4087 405 4150 accepit.
427 4085 549 4134 Dicendo
566 4088 731 4149 autem,‘ig·
767 4085 869 4132 omniuo
888 4096 956 4131 vere.
990 4082 1160 4144 Nysnrueniru
1172 4082 1298 4135 munilebre

198 4160 273 4211 notus
295 4163 369 4211 heres
390 4160 533 4224 occupavi,’
556 4163 729 4226 suspicionem
766 4172 859 4207 nomeu
869 4173 924 4207 esse
937 4169 951 4206 e
966 4157 1105 4206 Plutarcho
1119 4165 1223 4208 constat
1234 4176 1242 4221 ;
1253 4161 1298 4226 qui

198 4234 253 4303 dat,
259 4236 566 4304 qmnhummmtaho
573 4245 729 4292 testamento
766 4235 795 4285 iu
803 4234 857 4284 til!
868 4231 968 4283 lentuli}
980 4228 1066 4298 magii
1082 4232 1150 4284 iilius
1160 4224 1307 4290 Militi&
