3000 5040
193 368 261 444 20⁶
540 380 647 440 soum
672 377 873 427 vsarouuu
898 377 938 426 ru

192 525 317 581 &lances
336 529 363 575 et
385 522 520 586 Eribopes,
543 522 586 586 qui
612 522 720 570 Terram
759 517 853 580 χαλκὸν
861 515 1076 582 aimundum
1103 515 1201 567 lusu:
1214 515 1290 566 ‘'1¹⁸1-

195 599 330 664 virginem
345 606 444 656 unctus,
459 600 595 660 plurimum
619 596 721 660 argenti
762 604 842 645 tessus
860 596 921 645 urbs
936 602 978 644 est
992 594 1155 645 celeberrimi
1171 593 1291 655 nominis,

194 678 303 742 ntique
311 676 408 725 eruisse
421 675 519 724 dicitur
534 676 560 724 in
579 677 721 726 Suanorum
761 671 837 721 Unde
849 671 905 721 auri
928 679 955 720 et
970 671 1028 720 seris
1042 669 1127 719 fertur
1143 670 1233 732 ingens
1249 682 1292 719 cn·

193 758 321 819 puteat
341 752 453 816 alioquin
480 752 618 802 velleribus
636 751 721 800 aureis
761 746 822 810 pia!
856 747 890 795 Et
906 746 968 811 quid
988 746 1150 794 mirandum?
1175 746 1291 795 Philoso-

193 829 293 892 hclyto
310 826 408 891 regno!
441 828 491 878 Sed
509 836 536 878 ct
554 829 621 877 illius
639 842 722 877 aurete
761 822 827 886 phtia
838 823 919 872 tradit
936 823 1030 884 primos
1047 823 1181 870 Pisonis-es
1201 834 1293 885 magus

194 910 352 966 oamerae,et
367 911 499 968 argenteae
518 904 603 953 trslres
621 917 722 953 rrsrrau·
761 899 861 962 argenti
882 899 908 946 vi
928 898 987 947 iude
1010 899 1088 946 allata
1104 897 1134 944 ud
1156 898 1292 947 irumeuus

195 987 248 1044 tut,
270 988 298 1030 et
327 982 453 1030 columns*
475 987 552 1043 utque
576 986 722 1043 parastatae.
761 988 824 1037 opes
835 973 907 1024 brevi
925 980 1110 1023 evectoresse.
1143 973 1185 1022 lta
1205 978 1295 1023 aulen

195 1055 266 1109 Hinc
287 1055 351 1104 adeo
370 1055 426 1104 istis
448 1056 569 1104 heroibus
588 1069 660 1103 sacra
678 1053 722 1104 illo
760 1051 887 1114 loquitor:
912 1048 967 1099 sols
985 1048 1088 1112 speruus
1109 1051 1156 1097 τᾶν
1183 1047 1293 1099 Osirim

195 1129 287 1195 fumes,
297 1140 324 1180 et
335 1130 472 1193 cupiditas,
481 1136 508 1179 et
521 1129 606 1187 ardor,
617 1137 644 1179 et
656 1129 721 1192 peri·
740 1181 743 1186 ,
761 1124 799 1172 lsi
809 1124 947 1186 ταρτησσὸν
966 1123 1125 1186 πλεύσαντα,
1135 1123 1234 1185 λέγεται
1251 1142 1292 1173 το-

194 1211 265 1272 culs,
283 1217 310 1259 ct
330 1211 393 1270 lues,
404 1216 431 1259 et
451 1209 564 1268 dissidia,
582 1216 608 1258 et
630 1207 724 1269 credes,
760 1199 966 1264 consumptum
980 1199 1197 1265 husenuardus,
1213 1199 1294 1250 lusus

195 1294 224 1338 et
244 1301 322 1336 mora
349 1293 427 1349 utque
454 1285 565 1334 ambitus
592 1284 721 1332 itinerum.
760 1280 799 1327 sai
810 1277 888 1326 amor
905 1276 1013 1326 ναυτικὸν
1026 1276 1100 1340 plzen
1111 1275 1292 1338 εἰσαγαγόντος,

195 1359 256 1415 Hoc
268 1375 361 1423 nempe
378 1361 440 1409 illud
458 1367 524 1419 etat,
541 1358 573 1406 ad
594 1358 668 1420 cnjus
684 1356 722 1407 fa·
761 1354 823 1402 aar·
839 1352 922 1414 pirrho
937 1352 1002 1414 ἔχειν
1018 1352 1128 1404 δύνασθαι
1138 1353 1193 1415 μήτ’
1208 1350 1294 1414 hall}

195 1450 263 1504 susm
281 1437 399 1486 ninivense
415 1435 519 1485 Gracia
538 1449 612 1482 aures
628 1435 723 1498 arrige·
762 1434 831 1478 solor
846 1428 1006 1493 rlrdpyrpds.
1041 1431 1073 1480 ld
1090 1438 1148 1479 est:
1169 1429 1292 1480 ‘Primos

194 1512 318 1575 ret5haec
332 1512 375 1559 illa
386 1511 627 1574 praeds,quainjsm
639 1511 723 1560 auimo
762 1506 907 1568 Phoenices,
918 1507 998 1568 siunt,
1009 1522 1068 1557 cum
1083 1509 1231 1557 Tartessum
1249 1520 1294 1557 ns-

194 1592 273 1650 atque
299 1585 380 1635 oculis
404 1585 589 1650 destinaverat,
614 1600 723 1649 queque
761 1583 899 1646 rigassent,
919 1591 1017 1633 tautam
1036 1584 1136 1645 argenti
1157 1583 1211 1632 viru
1235 1583 1292 1632 oleo

193 1660 258 1724 istos
276 1659 366 1723 patriis
381 1660 485 1709 sedibus
502 1661 605 1709 excitos
626 1661 658 1709 sd
674 1669 724 1711 ter·
761 1659 870 1723 aliisque
889 1660 998 1710 nauticis
1026 1660 1142 1709 sordibus
1164 1666 1294 1722 permuta·

194 1748 249 1787 ram
258 1735 412 1798 inhospitum
421 1736 544 1785 initiaret.
572 1737 640 1786 Vide
658 1738 724 1786 Suel·
761 1736 876 1794 risse,ut
893 1750 941 1785 uec
953 1751 1047 1800 capere
1060 1751 1147 1796 neves,
1159 1750 1207 1783 nec
1219 1733 1290 1785 ferre

194 1810 457 1876 iiminpraelstione
474 1813 506 1862 ad
525 1813 626 1876 Typhiu
648 1815 725 1863 Bata·
762 1813 885 1877 possent.'
928 1811 1020 1874 Addit,
1042 1812 1101 1861 inde
1129 1811 1293 1860 discedentes

196 1901 266 1936 vum.
761 1888 809 1953 (sit
819 1887 882 1938 fides
894 1903 974 1952 penes
991 1887 1133 1951 auctorem)
1142 1903 1174 1937 ex
1185 1894 1294 1951 argento

195 2011 198 2017 ,
227 1960 317 2023 AEaae]
335 1962 479 2021 AEetes,uti
490 1962 725 2014 exfsbulisnotum
762 1963 1029 2024 conflasseuuciroras,
1047 1973 1075 2015 et
1091 1965 1215 2028 reliquam
1234 1979 1294 2028 sup.-

193 2041 275 2099 est‚a
297 2035 351 2085 lilia
371 2037 466 2086 Medea
487 2040 607 2100 proditur
625 2040 726 2101 Jusoui,
763 2041 930 2103 pellectilem.
975 2042 1076 2094 eribns
1096 2041 1186 2090 similis
1213 2041 1293 2090 habet

194 2119 223 2162 et
234 2126 312 2161 aureo
324 2111 420 2160 vellere
431 2120 458 2160 et
470 2112 567 2161 duobus
579 2113 638 2162 filiis
651 2114 724 2163 orbs·
762 2132 794 2167 ex
807 2117 945 2166 Posidonio
956 2117 1096 2168 Diodorus.
1125 2118 1166 2166 Sic
1177 2119 1292 2167 Caluenus

195 2191 240 2240 iun
252 2194 301 2236 est.
762 2193 885 2255 Samium,
896 2193 940 2256 qui
952 2194 1048 2255 primus
1058 2194 1207 2242 Tartessum
1223 2193 1294 2241 nsvi-

228 2263 360 2327 amm]
387 2263 448 2312 Fuit
469 2264 526 2312 haec
547 2265 574 2313 in
596 2264 725 2328 Hispanis
763 2268 848 2331 gavit,
868 2277 992 2329 questum
1013 2281 1045 2315 cx
1065 2268 1193 2317 mercibus
1214 2269 1295 2317 maxi-

194 2339 257 2390 urbs
280 2339 473 2407 opulentissima
485 2339 555 2388 iuter
576 2339 627 2390 duo
644 2341 725 2391 aad·
762 2357 832 2393 muru
849 2342 941 2393 secuse
959 2349 1069 2393 testatur
1087 2343 1236 2393 Herodotus
1248 2343 1293 2393 lib.

194 2419 271 2468 ostis.
316 2419 415 2467 Plinius
436 2426 521 2468 cirtem
550 2428 577 2469 et
599 2419 724 2469 Arrianus
762 2434 801 2470 ιν.
830 2421 984 2476 Successore
1000 2420 1116 2482 Phocaei,
1138 2421 1181 2484 qui
1202 2420 1292 2468 codem

193 2492 307 2544 'Iartemi
319 2494 420 2543 nomine
433 2510 480 2557 pro
489 2495 604 2544 Gadibus
616 2496 725 2545 abutuu·
763 2504 867 2545 auctore
881 2497 1017 2546 amicitiam
1031 2503 1217 2545 contraxerant
1232 2511 1291 2544 curn

195 2575 248 2619 tur.
281 2570 579 2634 Sciendumitaqueest,
596 2573 663 2634 quood
682 2572 725 2620 tri·
762 2570 1131 2635 Tartessiregedrgautonio.
1157 2574 1292 2621 Tar-rossus

195 2645 345 2708 plexfuerit
361 2649 496 2696 Tartessus
514 2647 582 2709 apud
599 2649 723 2695 Veteres:
762 2643 877 2707 itaquea
894 2646 960 2694 reris
978 2646 1095 2694 Gadibus
1116 2648 1223 2694 ruulturu
1244 2646 1293 2694 dit'-

195 2733 248 2784 una
259 2721 363 2781 proprie
381 2721 452 2767 dicta
463 2720 488 2766 in
501 2721 583 2766 insula
595 2720 627 2767 sd
646 2721 724 2768 Botis
762 2716 873 2782 fer·t,r1ui
886 2728 1014 2768 extremus
1026 2720 1155 2768 notiorbis
1168 2722 1234 2782 npud
1247 2738 1292 2770 an-

194 2794 271 2854 ostia,
284 2794 367 2858 quiet
382 2794 630 2856 ipseTartcssusde
644 2796 724 2843 nostri·
763 2793 846 2854 liquos
867 2795 988 2841 terminus
1011 2801 1077 2854 erat,
1104 2802 1170 2843 teste
1195 2796 1291 2848 Selino.

194 2869 415 2928 ueUrbisdictus
432 2877 487 2919 est:
511 2869 569 2918 drrae
587 2871 623 2918 sic
646 2870 723 2921 dictos
762 2866 906 2917 Buslrortus.

195 2950 399 3011 amaxpuornris,
415 2948 519 2997 Carteia
530 2947 657 3007 nimirum,
666 2963 724 3011 quae
794 2943 989 2991 Mulnlouomiue
1002 2944 1105 3009 Gaddir]
1133 2947 1202 2995 Fest.
1213 2945 1294 2996 Aric-

195 3031 224 3074 et
239 3025 296 3089 ipsu
306 3026 441 3074 Tartessus
453 3025 572 3073 dicituro
589 3023 726 3084 Strabone,
762 3033 825 3068 nus:
851 3020 970 3070 ‘Gaddir
993 3022 1075 3084 prims
1094 3025 1186 3072 l‘rctum
1209 3025 1292 3073 solida

196 3099 279 3161 Mela,
306 3100 403 3160 Plinio,
430 3101 556 3163 Appiano,
583 3101 677 3149 deiude
697 3107 725 3149 et
761 3096 1195 3164 supereminesaccendimurque
1213 3111 1292 3163 ceput

196 3174 285 3224 Gades
302 3176 339 3224 ita
356 3176 501 3238 appellatae.
535 3177 616 3226 Sicuti
638 3182 725 3225 autem
762 3171 869 3234 gemitus
887 3173 984 3222 inserta
997 3175 1134 3223 columnis:
1154 3176 1205 3224 Hic
1222 3178 1291 3226 Coti·

194 3250 304 3298 'l'artessi
317 3264 408 3299 nomeu
421 3252 537 3316 Gadibus
550 3252 627 3302 tribui
639 3251 725 3300 docui·
761 3263 827 3298 nuso
838 3250 907 3313 prius
926 3249 1012 3300 fuerat
1023 3252 1069 3300 sub
1085 3252 1185 3301 nomine
1197 3254 1290 3315 prisco,

196 3324 725 3382 snus,itacontrarioerr-urcTertcssusa
761 3325 959 3390 Tartessumquc
985 3327 1078 3375 delriuc
1104 3329 1174 3390 Tyrii
1202 3329 1290 3377 dixere

195 3397 324 3447 nonnullis
335 3396 436 3452 Gaddir
447 3400 550 3447 dicitur.
575 3401 725 3450 Auctorlrie
762 3401 859 3449 coloni:
899 3403 1077 3467 Barbaruquiu
1100 3406 1176 3452 etism
1203 3405 1291 3451 Gades

194 3472 338 3534 Sallustius,
349 3479 378 3521 et
397 3471 510 3520 Avienus
520 3474 544 3520 in
562 3477 613 3522 uris
631 3477 725 3523 inmiti·
762 3475 827 3524 lssuc
839 3477 925 3539 lingua
942 3477 1099 3542 frequentat,
1113 3481 1205 3527 Poenus
1218 3480 1291 3541 quip-

195 3547 253 3599 mia.
287 3549 328 3595 De
344 3548 464 3596 Turreno
484 3547 546 3595 urbe
563 3548 600 3595 ita
615 3549 723 3610 Stepliu·
761 3563 795 3609 pe
807 3552 889 3598 locum
899 3553 1001 3602 Gaddir
1012 3561 1086 3601 vocat
1096 3553 1209 3613 undique
1220 3555 1290 3601 clau·

196 3637 261 3674 uus:
278 3622 724 3686 Toprnoodsdorssdurr’lflnpius,dsl
761 3627 833 3670 ειιιη,1
875 3626 986 3672 Dixcrut
1012 3626 1089 3672 etiarn
1116 3625 1181 3672 lisrrd
1210 3628 1291 3677 dubie

195 3701 302 3762 armostai
326 3700 370 3746 τοῦ
393 3700 505 3762 Ἀργυροῦ
533 3697 599 3761 dpovr
624 3697 724 3768 diones,
761 3696 897 3747 Sallustius
908 3698 983 3761 lrrrjus
992 3700 1169 3760 appellationis
1182 3700 1289 3753 Punicae

195 3775 262 3824 doru
287 3774 391 3833 sorapis
411 3774 450 3822 sal
472 3773 609 3837 κασσίτερον
629 3774 654 3822 ds
668 3781 725 3836 Tap,-
762 3790 892 3824 retrusum:
918 3790 949 3823 cx
971 3790 1020 3839 quo
1040 3775 1129 3823 itidem
1152 3791 1198 3824 suo
1219 3792 1289 3826 ruore

195 3847 421 3912 τησαῷκαταφέρει.
464 3850 495 3898 ld
513 3850 724 3911 est‚‘l'arlcssrrs
763 3856 853 3906 sumsit
875 3856 986 3905 isidorus
1005 3856 1021 3904 l.
1041 3869 1099 3903 xrv.
1124 3855 1175 3905 Sed
1194 3864 1221 3903 et
1241 3856 1289 3903 iste

196 3938 236 3980 est
258 3927 351 3976 Iberia
374 3925 434 3972 urbs
450 3940 466 3973 a
487 3923 566 3973 drusio
583 3924 663 3986 dicta,
681 3927 724 3990 qui
762 3931 854 3981 Avieni
865 3933 933 3979 locus
945 3931 992 3977 linc
1005 3933 1097 3980 merito
1116 3932 1289 3981 transcriben-

196 4002 255 4054 fluit
266 4018 299 4051 ex
309 4007 431 4063 argenteo
446 4009 544 4060 monte,
562 4009 589 4049 et
606 4011 723 4052 stauuruu
763 4008 809 4055 dus
826 4005 942 4052 viderur:
960 4006 1078 4054 ‘Gaddir
1100 4015 1140 4055 est
1155 4007 1287 4068 oppidum.

197 4080 276 4130 etism
285 4081 433 4128 Tartessum
445 4075 554 4126 dcfcrtz'
567 4085 594 4127 et
612 4080 637 4126 iu
657 4079 724 4125 llius·
762 4081 828 4129 Iliam
848 4079 1003 4128 Punicorum
1026 4083 1110 4143 lingua
1135 4093 1287 4143 conseptum

196 4154 459 4205 oisuolicraoleota:
486 4153 513 4200 'll
525 4150 643 4214 λεγομένη
664 4159 722 4213 Top-
761 4155 844 4205 locum
866 4155 967 4203 Gaddir
986 4156 1104 4204 vocabat.
1146 4156 1207 4217 ipsu
1226 4158 1288 4204 'rar-

180 4229 285 4292 Δγιισσὸς
305 4228 418 4294 ἐπιφανὴς
432 4226 509 4293 arduis,
525 4228 617 4292 Χρυσόν
635 4247 662 4278 re
683 4226 723 4277 uel
761 4238 843 4281 mnus
855 4230 926 4294 prim
939 4231 1123 4295 Cognomiuats
1133 4225 1214 4280 mulia
1225 4246 1288 4295 opu·
