3000 5040
400 366 550 426 urrisun
574 364 762 413 suounru.
786 368 868 415 our.
891 353 945 418 18.
1160 360 1226 425 543

124 515 244 558 montosa
254 508 290 557 sit
299 507 378 571 regio,
395 508 436 556 rei
457 507 545 555 uidere
562 520 655 569 eqiauru
694 506 824 571 Oceanus,
846 519 872 560 et
895 513 986 573 ignoro
1001 515 1084 576 hagno
1106 516 1226 576 prohibe,
1281 493 1286 504 ’

126 599 213 633 rarsim
225 592 291 643 eret,
306 592 333 633 et
353 583 420 645 Cyro
437 585 475 630 sic
493 581 656 644 providente,
693 584 766 643 bont,
782 589 923 650 quominus
942 606 999 639 cum
1019 591 1141 653 Hispanis
1155 608 1223 641 com·

126 668 156 708 ut
169 668 254 711 uarsat
265 660 330 708 idum
341 660 357 708 l.
370 673 407 706 tr.
424 659 512 707 Persae
530 672 563 706 ex
582 657 655 720 pedi·
693 663 790 710 inercia
811 664 942 712 traherent.
989 665 1024 715 At
1047 667 1152 728 libyes,
1175 669 1227 719 etsi

126 737 194 784 tibus
206 737 304 799 equite«
316 734 387 795 farti,
398 736 470 798 equis
481 735 606 796 deinceps
619 735 654 783 ita
693 738 779 805 lingua
798 740 903 799 diversi,
926 741 1118 803 propinquitate
1136 750 1228 797 tamen,

126 820 299 870 assueverant,
319 821 347 859 ut
366 826 442 859 nemo
460 811 598 858 Persarum
616 811 655 858 rit
692 812 807 861 locorum
818 813 894 863 facile
904 830 962 863 cnm
972 816 1092 878 Hispanis
1105 834 1144 866 res
1156 833 1223 867 com·

126 888 206 937 bonus
226 888 354 936 videretur
372 888 441 935 ultra
457 886 538 948 pedes
560 885 596 932 ire
614 899 654 932 us·
691 897 793 937 mutare
814 897 944 952 poterant.
978 892 1091 956 Emitte,
1109 909 1168 943 nun
1185 898 1222 956 ig-

125 964 204 1026 piam:
222 964 306 1026 Cyrus
322 964 390 1011 enim
407 963 492 1024 legem
502 961 607 1020 tulerat,
625 967 654 1008 ut
690 981 752 1014 nura
768 968 851 1028 lingas
870 967 966 1015 uictum
983 969 1016 1017 sit
1035 984 1081 1031 pro
1096 970 1223 1031 ignorato:

125 1047 200 1102 turpe
222 1048 304 1100 esset,
331 1039 353 1086 si
376 1037 433 1100 quis
459 1038 568 1097 iliorum,
589 1052 654 1100 qitos
692 1049 720 1088 ut
731 1041 807 1098 int'ra.
817 1043 848 1090 aii
859 1042 935 1092 linem
949 1059 1041 1105 puguae
1052 1046 1154 1094 Metelli
1164 1061 1222 1095 cum

123 1119 193 1179 equus
203 1117 369 1172 instruxerat,
382 1114 514 1163 rideretur
527 1115 607 1177 peiles
618 1115 653 1162 in·
689 1118 830 1181 iugurtha,
839 1120 873 1168 (le
882 1121 1001 1168 Nnmuus
1011 1122 1131 1184 loquens:
1150 1127 1157 1148 ⁴
1171 1124 1224 1170 l'le·

123 1191 227 1252 cedens,
238 1191 292 1239 sive
303 1191 421 1249 multum,
438 1190 492 1239 sire
510 1205 601 1253 parum
612 1191 654 1240 iti-
690 1194 803 1256 rosque,’
822 1195 917 1258 inquit,
939 1196 1082 1244 ‘relos-itas
1103 1204 1131 1244 at
1154 1197 1224 1255 regio

121 1266 478 1316 nerisessetcontieieuduin.
512 1267 653 1330 ltaqueex
689 1271 804 1320 hostibus
824 1272 913 1334 ignara
935 1279 1020 1320 tutata
1039 1271 1117 1320 sunt!
1153 1274 1223 1334 igno·

123 1352 174 1392 tans
192 1345 327 1406 repentina
345 1344 488 1393 mutatione
500 1342 607 1400 sactum,
625 1353 654 1393 ut
689 1353 755 1397 rotas
766 1357 851 1397 tamen
865 1347 934 1410 apud
953 1348 1064 1397 eundem
1084 1347 1150 1396 hunc
1163 1362 1223 1396 auo·

122 1419 177 1468 use
194 1420 277 1481 regio,
299 1419 388 1480 Patras,
408 1428 435 1468 et
453 1421 543 1468 incole
565 1419 654 1470 Persas
692 1432 772 1484 torem
789 1432 839 1485 est,
858 1424 901 1472 uhi
919 1424 952 1472 de
971 1423 1100 1486 ,iugurtha
1112 1424 1180 1472 victo
1192 1438 1229 1473 ac-

121 1495 278 1554 dioerentur.
296 1495 323 1543 id
348 1502 400 1556 esi,
420 1496 510 1558 lingue
539 1495 655 1545 Helm
690 1504 859 1565 unganteait:
878 1501 1222 1564 ‘lpsecnmdelectisequi

123 1570 286 1634 Arabieaque
308 1574 417 1636 eqtiites.
461 1573 548 1621 Antea
568 1571 654 1621 forsan
691 1577 759 1626 tibus
781 1579 916 1627 Metellum
938 1580 1063 1642 sequitur,
1088 1577 1222 1626 nocturnis

124 1648 233 1710 Elymaei
247 1647 320 1696 dieti.
354 1647 511 1697 Untleiuea
527 1650 654 1697 sententia
691 1653 754 1700 auiis
775 1653 910 1702 itineribus
934 1654 1221 1717 ignoratusliomsnos

123 1730 164 1771 est
172 1723 361 1786 Josephus‚qui
375 1723 512 1784 Elyumset
526 1725 655 1785 Elpmeos
693 1727 818 1788 palarsteis
831 1735 937 1789 repente
950 1728 1116 1791 aggreditur!
1151 1730 1220 1778 Nam

123 1796 203 1846 fuisse
223 1797 285 1846 dicit
312 1799 449 1847 Persarum
468 1798 657 1861 Ἀρχηγένητω,
692 1802 760 1863 quod
787 1802 885 1850 Badius
908 1803 1024 1864 exponit,
1053 1805 1107 1851 ‘Et
1134 1804 1221 1866 lingua

123 1873 261 1924 Persarum
274 1876 378 1935 generis
388 1884 514 1923 suctores.
542 1876 654 1926 Borhsrt.
691 1876 828 1927 Persarum
838 1877 928 1938 ignara
940 1877 1149 1938 lingue,scilicet
1163 1879 1222 1926 His·

155 1949 262 2008 Arneai,
275 1951 367 2014 Persa]
384 1951 436 2000 Per
448 1951 605 2015 Armeniam,
615 1968 654 2002 re·
691 1952 833 2016 pauiuum,’
857 1967 905 2000 non
925 1951 1050 2000 satistiscit
1073 1953 1142 2015 mibi,
1161 1967 1220 2002 cum

123 2025 167 2086 gio
183 2024 265 2072 Minui
285 2026 393 2087 intelligi
406 2026 652 2089 uidetur‚cujussa·
690 2029 789 2077 auctori
813 2028 892 2077 rerba
911 2028 1001 2085 addat,
1021 2044 1079 2092 quae
1100 2029 1126 2078 in
1143 2029 1220 2079 nullis

122 2114 167 2148 cra
185 2101 315 2162 scriptura
336 2102 464 2151 meminit:
483 2117 555 2166 ipsios,
575 2103 652 2158 sieuti
688 2105 853 2154 iuveiriuntur
864 2106 1004 2154 codicibus.
1040 2107 1110 2154 Glor.

122 2184 149 2225 et
169 2172 271 2237 Persas,
288 2178 332 2242 qui
351 2179 461 2227 Teiuera
484 2186 550 2227 teste
573 2179 650 2228 iidem
722 2178 805 2242 Neque
825 2182 926 2228 materis
948 2196 973 2227 ur
991 2180 1070 2241 agris]
1094 2181 1163 2242 Lege
1187 2193 1221 2227 ex

122 2263 194 2303 eraut
205 2269 263 2303 eum
276 2254 388 2315 Parthis,
405 2256 484 2304 runha
495 2269 554 2303 eum
568 2255 649 2316 Pliry-
687 2254 753 2302 libro
766 2256 910 2318 bongarsii:
923 2270 993 2316 neque
1002 2254 1120 2301 materies.
1137 2256 1221 2315 Supra

122 2332 196 2386 ribus
216 2332 359 2381 communia
378 2331 496 2379 imbuisse
513 2329 650 2378 uerisimile
688 2331 815 2380 Catilina:
842 2321 1032 2380 ‘'Eamuterias
1044 2330 1156 2378 omnium
1169 2345 1221 2378 ma·

122 2413 172 2474 est.
204 2406 338 2455 Arnietiios
357 2405 415 2455 ideo
428 2407 542 2468 Phryges
555 2419 651 2465 genere
689 2406 872 2455 ioruml‘uere.'
908 2408 1043 2456 l’atsrhias.

121 2496 178 2531 esse
202 2490 312 2531 testatur
332 2480 486 2543 Stephanus.
530 2479 605 2526 Unde
625 2486 652 2526 et
723 2483 982 2544 Matosrdieopiaerot]
994 2483 1077 2531 Antea
1089 2483 1221 2543 matronali,

122 2558 261 2606 Herculem
275 2553 529 2611 ChousireCimiil
548 2554 649 2614 esudo
691 2573 738 2605 nos
757 2559 872 2619 munatii,
898 2560 1056 2621 reposuimus
1078 2573 1109 2607 ea
1135 2560 1219 2610 Fulvii

121 2634 216 2685 minum
238 2635 396 2697 appeliatum
415 2630 494 2679 fuisse
521 2630 651 2678 existimo.
690 2634 770 2682 libro:
789 2635 905 2682 sicenim
926 2634 1107 2683 locutusitleru
1125 2635 1234 2685 Satius:

120 2711 237 2773 Phryges
255 2719 340 2757 autern
360 2723 417 2757 cum
438 2706 566 2755 veteribus
586 2707 651 2754 Ger·
690 2710 756 2757 tius:
782 2711 891 2773 ‘anue
912 2719 1012 2758 mittere
1028 2724 1086 2758 cum
1104 2711 1161 2759 uiuo
1174 2711 1219 2760 ad·

120 2788 203 2836 mauis
221 2788 304 2836 mults
324 2785 436 2834 habuere
453 2782 605 2841 comnuuria,
617 2782 651 2829 si·
690 2787 804 2848 vectitio,
815 2797 842 2834 et
854 2786 910 2835 sliis
922 2786 1016 2835 talibus
1025 2785 1042 2834 ε’
1066 2793 1092 2835 et
1104 2788 1150 2836 iure
1162 2788 1219 2851 ipss

120 2863 171 2911 cuti
196 2864 297 2921 Parnm
323 2862 384 2924 quiin
403 2868 490 2908 autern
510 2874 571 2906 area
592 2857 649 2907 uoti
688 2862 796 2925 pagina:
821 2863 918 2911 ‘Frero
938 2862 1011 2911 diuisi
1030 2864 1062 2912 ab
1082 2863 1218 2926 Hispania,

120 2936 193 2987 fatali
212 2940 255 2986 iilo
277 2936 520 2996 diluuioflordiaais
538 2936 648 2998 primum
688 2947 787 2985 inritare
816 2953 856 2987 res
881 2939 950 2987 inter
977 2953 1005 2986 se
1033 2939 1220 2987 instituerant)

120 3014 237 3063 consedit
246 3014 388 3062 montibus:
399 3012 460 3061 iude
470 3012 595 3074 Phrygas,
605 3011 649 3074 qui
688 3015 823 3064 Munatius.

120 3090 205 3137 eidem
228 3103 328 3152 quioqne
351 3104 408 3137 cuur
431 3088 568 3146 Armeniis,
588 3094 649 3150 post
720 3090 790 3138 More
798 3087 1224 3153 mugnametignaruiingan]lllare

119 3163 243 3212 diluvium
256 3178 306 3211 non
321 3169 388 3210 mate
405 3163 571 3226 antiquissimi
583 3178 655 3212 mor-r
688 3179 805 3228 maguum
821 3166 861 3214 hic
883 3180 932 3212 uon
951 3179 997 3228 pro
1016 3166 1131 3222 Oceano,
1148 3173 1176 3212 ut
1193 3165 1217 3214 in

121 3239 209 3288 talium
221 3247 367 3288 censentur.
401 3239 510 3300 Thyrius.
688 3242 746 3289 ilio:
764 3242 853 3289 ‘Ecce
869 3242 945 3289 meris
962 3242 1046 3298 nisani
1058 3241 1154 3290 claudit
1171 3255 1216 3291 uss

152 3317 200 3364 Sed
223 3317 304 3364 Persae
326 3315 389 3363 istm
418 3318 536 3363 Oceanus
562 3316 649 3379 tnagis]
688 3317 763 3366 obice
789 3317 907 3378 Pontus,'
933 3319 1071 3379 arripitur,
1098 3318 1143 3366 sed
1170 3333 1216 3381 pro

120 3392 266 3454 Hos-,intro
284 3394 410 3450 Occurrant,
432 3393 527 3441 Badius
539 3402 565 3441 et
578 3403 648 3443 recte
687 3407 757 3441 saevo
777 3401 805 3442 et
825 3395 990 3456 importuoso,
1008 3403 1036 3443 ut
1057 3394 1163 3456 Crispus
1180 3395 1216 3444 lo·

118 3477 146 3518 et
156 3469 259 3519 erudite
276 3470 385 3530 exponit
402 3471 518 3517 introrsus
531 3472 562 3516 uit
576 3470 649 3518 Ocea·
687 3469 847 3532 qiiituripse:
866 3470 953 3519 ‘Nam
963 3471 1004 3518 ubi
1015 3484 1083 3518 maie
1097 3484 1215 3533 iiiagunm

118 3562 181 3606 urs,
201 3548 255 3596 sive
277 3548 411 3595 Sallustius
431 3547 572 3606 Oceanum,
591 3555 649 3608 post
686 3557 750 3604 esse,
761 3552 789 3593 et
800 3545 892 3593 sevire
902 3546 985 3593 ventis
994 3544 1094 3607 cupit!
1123 3545 1218 3593 Lucre·

119 3623 239 3678 Atlantes
257 3624 289 3672 ad
306 3637 436 3682 oerasiun,
451 3622 505 3670 sive
518 3630 576 3683 post
589 3625 647 3670 (iar-
687 3621 736 3668 tius
746 3621 812 3669 libro
824 3621 937 3669 secundo
949 3634 1034 3668 rerum
1047 3621 1222 3670 naturaliumt

119 3701 187 3748 tulos
208 3702 240 3747 sil
259 3700 392 3749 meridiem
409 3699 567 3748 creitiderit:
590 3712 647 3747 nam
687 3698 789 3744 ‘Suara
807 3697 872 3744 mari
893 3710 985 3758 tiiaguo
1005 3697 1168 3746 turbantibus
1184 3712 1217 3745 re·

120 3785 257 3837 sequentes
278 3776 327 3823 loci
349 3776 494 3835 complures
513 3775 549 3823 ita
569 3789 647 3837 expo·
687 3786 768 3834 quora
786 3771 889 3820 ventis!
920 3772 1042 3834 Virgilius
1062 3774 1217 3822 illusimus.

118 3849 206 3904 nendi,
232 3859 260 3897 et
289 3850 458 3913 intelligendi.
508 3850 647 3898 Persarum
686 3847 1036 3898 ‘Continuorentivolvunt
1055 3861 1216 3908 mare‚rnag·

117 3929 222 3976 enimet
232 3927 389 3975 Getulorum
398 3926 579 3974 commercium
588 3940 647 3974 curu
686 3933 888 3987 usqrresnrguut
900 3923 1036 3988 AEquora:'
1053 3922 1121 3985 apud
1138 3936 1215 3985 quiem

119 4005 253 4068 Hispanis,
266 4011 318 4052 tum
334 4004 460 4064 Oceanus,
475 4012 530 4052 turn
550 4004 647 4067 Libyes
686 4000 702 4047 i.
717 4014 735 4048 1.
747 4000 862 4061 ejusdem
882 4001 962 4050 divini
979 4000 1065 4062 operis
1077 4002 1102 4046 in
1114 3998 1215 4060 quihus·

118 4081 260 4144 medii,qui
272 4079 304 4127 ad
317 4077 413 4127 fretum
423 4079 580 4129 llereuleum
593 4081 646 4141 sgi-
685 4076 744 4125 darn
762 4076 896 4125 codicibus
913 4079 1006 4124 vitiose
1021 4073 1134 4132 cuditur,
1158 4073 1215 4122 ‘Et

119 4157 215 4219 tahant,
243 4157 421 4217 prohibebant.
463 4157 554 4221 itaque
579 4158 646 4218 ilios,
685 4154 798 4200 mulcere
812 4151 885 4199 dedit
900 4148 1005 4208 fluctus,
1014 4156 1040 4195 et
1054 4147 1144 4195 tollere
1156 4163 1215 4197 ven·

119 4230 332 4294 itoeestl’ersas,
350 4248 414 4282 isare
433 4245 554 4295 maan,
569 4232 648 4282 idest
687 4226 752 4289 tos5’
781 4241 838 4276 cnm
850 4227 996 4282 omninoou¹
1005 4237 1033 4270 re
1043 4223 1109 4286 ipsa,
1119 4233 1143 4274 et
1155 4225 1221 4283 deo,
