3000 5040
215 384 220 391 ·
256 358 324 426 tut
578 373 711 424 norm
735 372 936 421 visionum
961 373 1001 422 ru

258 515 321 568 baut
331 515 474 580 emtum.
490 522 518 565 et
534 515 571 564 ita
581 515 673 578 legisse
685 514 788 563 videtur
859 514 1171 581 iesliesislellssagerere]
1187 515 1356 579 Illudulieais',

258 595 364 655 Badius,
379 592 423 640 sed
441 591 520 640 verbu
540 591 672 655 sequentia
690 590 787 654 optime
827 597 855 639 ut
875 592 1066 654 exponendum,
1082 593 1124 642 vix
1147 596 1266 660 equidem
1289 596 1356 646 scire

257 669 370 720 iudicant
390 671 527 728 legendum
546 682 601 715 esse
621 669 739 736 ⁸sequeitur,
762 667 787 715 in
826 679 937 728 possum.
971 667 1072 728 liuidus,
1085 677 1113 716 ut
1125 679 1222 734 uotum,
1234 672 1361 722 transilit.³

259 754 391 810 presenti,
402 760 453 793 non
467 745 604 807 sequebatur
615 745 640 792 in
653 743 788 806 preterito
827 740 922 790 Bsdius
941 744 1056 805 exponit,
1073 744 1120 792 ‘in
1141 747 1240 809 alienis,
1259 748 1285 796 id
1305 755 1355 807 est,

257 819 423 886 imperfecto.
437 821 519 869 l’uulo
530 827 604 882 post:
615 823 623 847 ⁴
635 820 736 868 Minore
745 819 789 866 de·
827 829 878 864 uon
888 829 904 864 a
915 830 942 864 se
960 816 1068 866 deiectis
1086 820 1117 868 ud
1139 837 1249 885 pugnam
1268 826 1331 874 iocis
1341 825 1357 873 τ’

258 897 381 947 trimento
403 898 460 946 illos
472 896 538 944 vinci
548 895 563 954 ς’
579 896 677 943 minore
696 894 789 942 demuo
826 893 970 956 queretur
982 908 1031 956 ego
1040 910 1099 943 saue
1111 911 1160 944 non
1171 899 1296 963 intelligo.
1313 901 1356 949 Tu

259 973 431 1024 Numidarum
451 968 653 1033 intelligendum,
670 977 698 1016 ut
717 975 789 1016 recte
827 968 886 1016 vide
903 969 925 1017 si
947 970 1031 1020 diesis
1051 973 1231 1035 exponendum
1254 976 1288 1023 sit
1309 991 1356 1040 pro

258 1051 367 1112 exponit
386 1047 495 1095 Badius:
519 1052 548 1095 et
564 1045 624 1094 lude
643 1044 789 1107 legendum,
826 1044 943 1095 neuun.
978 1047 1131 1098 Glareanus.

258 1138 329 1188 qaasa
337 1139 390 1173 reos
399 1127 505 1180 τέκτονες
521 1124 564 1172 ubi
575 1123 681 1172 verbum
690 1137 751 1184 asos,
763 1121 788 1169 lu
860 1119 890 1167 is
900 1121 985 1169 alienia
995 1121 1079 1171 lelium
1087 1123 1182 1187 gerere]
1200 1126 1265 1175 Huc
1278 1127 1357 1177 verba

260 1199 411 1265 quibusdam
425 1198 613 1263 exemplaribus
631 1198 697 1246 maie
714 1197 789 1246 omia·
827 1196 897 1243 varie
908 1197 1075 1258 conjectandi
1088 1203 1220 1250 materiem
1236 1202 1357 1252 submini-

259 1287 316 1325 πω
327 1284 376 1323 est.
411 1277 551 1324 Gloreessa.
827 1277 941 1320 seramus
951 1272 994 1330 iis,
1009 1274 1052 1337 qni
1070 1275 1097 1323 in
1109 1278 1257 1325 Sallustium
1279 1293 1357 1326 anno·

294 1351 420 1407 Quodnisi
431 1366 462 1399 ex
480 1351 542 1398 illisu
560 1348 657 1397 libidine
672 1348 726 1409 geri
743 1363 789 1396 sos
827 1345 939 1394 tationes
958 1348 1094 1411 scripsere.
1138 1351 1282 1400 Glareanus
1304 1355 1360 1417 qusi-

258 1427 349 1495 psaset]
370 1428 401 1476 lu
417 1426 578 1490 quibusdem,
596 1425 709 1485 lubidine,
727 1440 789 1489 quo·
827 1420 886 1469 dem
905 1437 933 1471 se
949 1423 1068 1486 ignorare
1085 1424 1232 1487 confitetur,
1247 1429 1308 1491 qnid
1329 1429 1359 1477 il·

260 1502 337 1552 modo
355 1509 455 1550 veteres
472 1501 537 1562 iere,
554 1508 583 1549 ut
601 1500 662 1548 alibi
679 1500 789 1549 ostendi·
827 1497 871 1545 lud
883 1499 976 1548 Alienis
999 1500 1145 1564 significet·
1168 1503 1264 1552 Badius
1282 1504 1358 1554 retio-

260 1589 330 1625 mus:
359 1576 396 1623 sic
416 1583 444 1624 et
463 1575 518 1623 litet
541 1583 568 1624 et
588 1574 650 1624 lebet
670 1573 788 1624 dicimus.
827 1588 885 1624 ne·
904 1576 1131 1640 conjecturausque
1153 1578 1209 1628 iniit
1228 1580 1357 1644 quandam

260 1650 354 1700 Itium
826 1650 894 1699 haud
903 1651 963 1700 mihi
974 1651 1036 1700 sutis
1049 1652 1193 1715 probatem.
1226 1655 1355 1706 Quamob-

291 1726 415 1776 Pretereo
425 1726 547 1775 inimicans
557 1731 673 1775 centenses
684 1726 791 1776 silicum
829 1740 882 1776 rem
905 1727 971 1776 hauc
996 1742 1053 1776 esse
1074 1729 1193 1779 existimo
1212 1730 1287 1794 lmjus
1308 1732 1358 1781 ioci

259 1801 792 1866 muu]tegendnm,tntqeemeertenen;
828 1803 989 1852 seutentiam.
1043 1805 1167 1854 Meteilus
1197 1821 1254 1854 cum
1285 1821 1359 1871 egros

260 1878 298 1928 lta
309 1893 384 1928 seusu
396 1881 553 1942 postulante,
567 1885 595 1928 et
610 1879 793 1929 consentienti·
829 1883 953 1939 vsstaret,
963 1879 1069 1943 oppidu,
1084 1881 1243 1946 castellaque
1261 1891 1359 1933 temere

261 1955 601 2018 busquibusdamvetustis,
618 1955 791 2019 quemvisms·
828 1954 1084 2016 munitacuperet,ea
1094 1954 1230 2006 formidine
1240 1958 1359 2009 Nnrnidse

260 2033 401 2094 adscriptis
420 2032 628 2080 reclamantibus.
673 2031 723 2081 Sed
744 2047 792 2080 eur
829 2029 964 2091 perterriti
975 2028 1142 2093 tenimentum,
1153 2034 1289 2098 omnisque
1300 2048 1361 2100 ques

261 2103 388 2172 iniquam?
422 2107 483 2170 quia
512 2107 609 2155 minore
636 2105 792 2156 detrimento
828 2105 854 2153 el
865 2106 920 2154 usui
931 2115 1029 2168 esseut,
1043 2107 1187 2158 dederuut:
1206 2112 1362 2176 unde‘msjo-

261 2183 349 2234 ussus
365 2182 433 2231 vinei
451 2181 497 2246 ait,
515 2195 591 2246 quam
609 2194 668 2229 suos
679 2180 791 2230 vincere.
829 2194 885 2229 mm
896 2181 996 2230 cladem
1009 2184 1139 2244 lingurtha
1156 2189 1268 2250 accepit,
1285 2204 1360 2253 quum

262 2260 339 2311 um
830 2256 852 2305 si
869 2271 959 2320 parum
980 2256 1092 2308 feliciter
1108 2274 1165 2309 eum
1177 2262 1286 2311 Metello
1298 2279 1363 2327 pug·
1384 2308 1387 2315 .

296 2334 548 2385 Pretereoiairticuns
564 2335 792 2385 errtmessalso·
829 2341 926 2383 nasset.
961 2335 1028 2384 Nam
1047 2350 1107 2386 euin
1124 2352 1224 2387 omnem
1246 2340 1360 2403 spemin

261 2413 338 2462 stilus
353 2409 454 2472 minore]
470 2411 543 2460 Niliil
563 2411 605 2459 lile
622 2411 792 2474 inuomasem,
830 2408 892 2473 iuga
914 2420 1030 2475 poneret,
1053 2413 1203 2477 magnisque
1225 2415 1362 2466 itineribus

264 2488 313 2539 uisi
323 2487 479 2538 institissent
488 2488 550 2536 Μαι.
557 2493 724 2552 veterumque
732 2488 793 2540 edd.
831 2485 967 2535 Metellum
980 2494 1158 2551 antevenerat,
1167 2504 1225 2539 euru
1237 2492 1308 2558 sequi
1321 2508 1363 2543 cu·

265 2563 310 2628 qul
320 2563 437 2613 aduuum
446 2577 534 2612 omues
543 2576 594 2611 uns
602 2578 660 2613 cum
670 2564 793 2630 Rivipnis,
832 2561 955 2625 gebatur:
973 2571 1000 2613 et
1012 2564 1072 2613 dum
1085 2566 1188 2630 propris
1200 2565 1258 2617 loca'
1275 2567 1362 2618 deten-

265 2637 409 2701 prset'ernnt
421 2639 551 2700 inimicum,
565 2638 685 2687 dsumato
702 2639 746 2688 illo
757 2641 793 2688 al·
831 2637 893 2686 dere
904 2653 956 2688 nou
968 2648 1066 2703 posset,
1079 2642 1148 2690 iniis
1165 2658 1242 2707 nunc,
1258 2660 1313 2709 quse
1327 2646 1360 2695 ub

265 2719 333 2771 tero,
344 2711 413 2774 quod
429 2712 508 2759 libros
524 2712 600 2760 hodie
611 2720 730 2775 occupat,
747 2715 792 2761 ini-
831 2726 863 2762 eo
873 2712 1034 2776 defecerant,
1051 2724 1078 2764 et
1089 2716 1114 2763 lu
1127 2718 1230 2768 Metelli
1247 2728 1360 2783 potestn-

215 2822 218 2829 e
264 2801 349 2851 pseu:
365 2793 393 2834 et
401 2799 447 2834 cur
458 2787 495 2833 ite
501 2785 570 2849 loqui
578 2801 629 2835 nou
639 2796 724 2850 posset
734 2802 792 2837 suc·
831 2796 884 2837 tem
895 2797 1028 2851 venerant,
1040 2789 1134 2839 bellum
1152 2809 1242 2856 gerere
1260 2805 1361 2858 oporte·

265 2864 322 2913 tor?
356 2864 482 2912 Gruterus.
831 2862 885 2911 bet.
929 2863 1007 2914 Hunc
1029 2881 1085 2914 esse
1114 2869 1203 2918 horum
1224 2874 1358 2923 verborum

268 2964 271 2971 ·
298 2939 347 2989 Sed
362 2939 410 2987 olio
423 2953 487 2988 saure
505 2937 590 2987 lellern
606 2940 745 3003 gerendum]
762 2941 793 2990 iu
830 2940 1361 3012 sensum,conjecturamludecapi0,quod

266 3016 483 3080 quibusdum,slio
493 3014 728 3072 modonedeodem
739 3032 795 3065 sen·
831 3014 907 3076 poulo
923 3019 983 3063 unte
1000 3014 1254 3082 ‹tinte‘tugnrttnm
1272 3039 1288 3071 s
1304 3026 1362 3074 Me·

266 3107 306 3142 au.
338 3093 472 3142 Praeteres
480 3092 612 3153 gerandum
621 3099 661 3140 est
672 3091 697 3141 iu
707 3107 795 3143 mauu·
832 3090 894 3138 teliu
903 3098 1062 3154 superatum,
1072 3108 1128 3143 sese
1136 3095 1161 3144 in
1173 3097 1229 3146 loca
1241 3100 1363 3163 saltuoso,

265 3169 585 3232 scriptiunongeresden.
625 3169 722 3218 Rivius.
832 3173 860 3214 et
879 3173 972 3216 natura
993 3169 1092 3218 muults
1113 3173 1257 3235 recepisse!
1298 3177 1364 3225 Enni

268 3268 272 3274 -
300 3245 407 3307 interfici
421 3242 502 3303 jabet]
523 3245 562 3292 Ex
582 3245 681 3308 scripto
697 3253 795 3308 nostro,
833 3258 894 3293 vero
905 3245 1040 3296 Metellum
1051 3248 1075 3297 in
1089 3249 1180 3299 olienis
1191 3251 1253 3301 locis
1264 3253 1364 3303 insecu-

266 3323 295 3365 et
313 3317 403 3365 Servio
419 3331 505 3364 verum
524 3320 663 3369 lectionem
682 3323 796 3385 reposui·
832 3326 895 3384 tum,
907 3322 945 3371 nis
957 3323 1039 3372 verbis
1049 3325 1179 3375 ostendit:
1198 3329 1360 3380 ‘Exercitum

266 3405 336 3442 mus:
351 3390 451 3453 peteres
468 3392 570 3455 intendet
583 3395 668 3452 jubet,-
683 3398 732 3445 olio
747 3413 795 3448 osn-
833 3397 983 3461 plerumque
994 3400 1021 3448 in
1032 3399 1122 3450 iisdem
1134 3401 1196 3450 loeis
1213 3406 1309 3471 operiri
1323 3407 1365 3469 ju·

266 3467 308 3518 triu
323 3466 425 3518 militene
438 3468 520 3529 predo
535 3481 596 3515 esse:
615 3477 691 3518 entes
703 3472 795 3521 vitiose
833 3471 887 3534 bet,
904 3473 959 3534 ipse
974 3488 1031 3523 cum
1049 3474 1158 3524 delectis
1173 3479 1308 3527 Metellum
1326 3496 1364 3529 se·

266 3541 403 3608 legebatur
413 3557 420 3599 ;
430 3540 661 3606 pelereaieterficitt
670 3544 795 3603 molis
832 3547 938 3610 quitur!
962 3549 1058 3610 Popsus.
1075 3550 1209 3598 videndus
1218 3552 1364 3604 Gronovius

267 3618 344 3668 omnio
355 3617 629 3681 usilitsssproedusaosse.
646 3619 794 3671 Putschius.
832 3634 869 3670 tv.
882 3620 993 3670 Observ.
1004 3623 1091 3684 capite
1104 3627 1142 3672 ld.

268 3709 271 3714 .
302 3695 394 3759 ῥύῃ(
403 3696 469 3756 ,w
484 3694 654 3758 ,Pmmffn
668 3696 732 3758 fga
747 3699 795 3747 ,ξω
865 3696 1004 3744 &uellem
1018 3697 1152 3761 plerumque
1168 3701 1194 3749 is
1209 3702 1291 3751 iisdem
1309 3705 1366 3754 loeis

268 3769 331 3832 erut]
348 3769 380 3819 ln
391 3770 519 3818 nonnullis
529 3778 577 3832 est,
596 3773 696 3834 scirpea
712 3774 795 3824 orasis
831 3771 933 3835 opperiri
943 3771 1023 3834 jubet]
1042 3773 1100 3822 iioc
1120 3783 1168 3838 eat,
1182 3778 1309 3841 Majorem
1322 3796 1366 3829 ex.

269 3847 316 3897 sed
327 3845 396 3911 quod
414 3844 446 3893 ad
463 3859 564 3894 sensum
581 3848 686 3911 attinet,
705 3863 795 3912 purum
832 3846 928 3896 emitas
940 3852 1048 3910 partem.
1070 3848 1200 3915 Siesuprs
1211 3854 1361 3919 dixit,¹ubi

269 3921 351 3972 refert
362 3929 447 3970 utrum
461 3921 541 3983 leges.
575 3920 666 3971 Risisse.
833 3921 1073 3984 plerumqueooctis
1082 3930 1209 3988 processit
1219 3930 1235 3977 ι’
1251 3933 1364 3995 enque.

268 4017 273 4028 ·
303 3998 352 4053 Qut
373 4012 415 4046 aso
435 3997 485 4044 heu
505 3995 628 4055 defendere
649 4001 797 4063 upuireret]
832 4010 939 4059 rumque
954 3997 1038 4045 noetis
1053 3996 1156 4050 barbari
1174 4020 1244 4054 more
1261 4009 1364 4056 suolm-

269 4075 359 4139 Forte,
367 4071 698 4138 quinislorissedesessdere:
714 4073 794 4136 infru,
834 4069 903 4132 teri,'
921 4077 956 4133 et,
969 4073 976 4099 ‘
987 4074 1046 4123 Qua
1063 4083 1219 4141 tempestate
1230 4082 1365 4147 Carthagi-

267 4149 441 4214 ‘tugurium
457 4147 504 4197 nisi
521 4161 553 4197 ex
571 4147 678 4210 insidiis,
695 4157 795 4202 autauo
833 4146 933 4195 nienses
962 4146 1093 4214 plerunque
1115 4153 1212 4204 Africus
1233 4156 1365 4221 imperita.

269 4223 568 4290 loeopuguamiacere.'
604 4226 747 4278 t'iooeonies.
834 4223 914 4275 baut.’
947 4224 1095 4292 Namquod
1115 4231 1278 4284 diaitint'ra:
1301 4237 1365 4303 ‘qut
