3000 5040
258 341 325 411 522
545 382 548 389 ·
583 353 689 406 vore
713 352 913 401 vsuronun
938 351 978 401 rrt

258 502 310 552 elle
320 501 372 552 sliu
385 499 457 563 tegio
474 497 635 564 amplissimis
645 497 671 547 iu
683 495 787 560 spaciis,
823 494 890 544 libro
909 493 1007 558 scriptu
1026 492 1276 559 animadvertimus
1290 505 1355 545 tero

259 577 329 642 u‘pvls
338 575 503 626 fertilissimis
511 574 655 624 instructis.
688 571 749 622 Fuit
760 580 790 621 et
824 572 987 632 ltuenomeu,
1003 571 1177 633 Mastanabale,
1191 586 1241 620 nou
1259 571 1356 620 lteru-

259 653 424 704 nluberrimo
442 659 470 702 et
488 651 665 701 robustissimo
680 666 711 700 ac
729 664 788 714 pro·
825 648 918 698 tabule:
934 654 1030 696 etcum
1042 649 1147 712 antiquo
1158 649 1225 696 libro
1243 646 1357 697 Curislus

261 741 321 779 eero
342 742 460 792 corpore,
479 728 522 793 qui
545 735 572 777 et
592 741 650 777 eum
670 725 788 776 eundum
825 725 963 783 consentit,
974 723 1045 788 quil.
1059 737 1078 772 r.
1090 725 1123 772 de
1135 722 1281 773 nominibus
1296 725 1322 773 in
1333 726 1360 773 sl

260 809 338 866 ssttt,
350 805 377 854 in
388 802 479 853 iisdem
497 802 614 866 ventigiis
626 808 710 851 totum
721 800 788 849 diem
827 802 984 853 terminatis:
1002 801 1009 828 ‘
1021 801 1048 850 Si
1061 800 1127 865 qua,'
1137 801 1228 865 inquit,
1240 802 1248 828 ‘
1260 814 1358 851 muscu-

259 880 424 943 persisteret,
444 879 537 929 sedens
554 893 605 928 nou
623 883 751 942 surgeret,
761 883 789 925 et
826 879 878 927 line
896 877 1070 933 inveniuntur,
1088 876 1144 925 baec
1160 876 1270 924 barbara
1289 882 1359 940 stunt,

260 967 355 1019 equum
375 956 430 1004 sine
450 955 571 1019 adjutore
592 954 788 1013 conscenderet,
825 960 856 1003 ut
867 953 1009 1017 Hunnibsl,
1019 952 1161 1016 Adherbal,
1176 953 1360 1004 Mastanabsl.'

260 1032 465 1080 etveuatlonem
476 1032 503 1080 iu
518 1031 590 1096 equis
609 1031 664 1079 sine
683 1029 734 1079 nllo
753 1027 790 1075 in·
827 1031 961 1081 Manutius.

261 1107 398 1157 commodo
435 1109 568 1169 toleraret,
599 1108 626 1155 in
656 1110 789 1155 senectute
860 1107 1230 1172 Mmustabele]Corn.eths.
1240 1118 1358 1155 unacum

261 1182 340 1233 etlam
351 1185 603 1250 usqueadmortem.
636 1183 700 1232 Cum
714 1179 790 1229 multi
827 1181 1361 1245 Pat.sec.utgsvmeltcercodienmfide·

263 1258 345 1309 stitit
357 1269 385 1310 et
396 1269 564 1310 nascerentur
579 1265 608 1308 et
618 1261 789 1317 morerentur,
827 1258 928 1315 liorum,
948 1259 1127 1316 Metiosedum
1144 1273 1196 1307 non
1212 1259 1253 1308 irie
1272 1257 1359 1319 modo,

262 1347 391 1400 nuquam
419 1337 553 1399 pauciores
575 1335 664 1383 decem
691 1331 789 1380 babuit.
825 1332 870 1382 sed
883 1339 910 1383 et
921 1348 980 1382 mox
992 1332 1067 1384 infru.
1086 1335 1214 1385 Gruterus.

263 1411 416 1475 floriturus,
425 1413 455 1462 Ρ.
465 1412 610 1474 Scipionem
620 1409 792 1471 AEmiliannm,
859 1409 1049 1472 Jsgvrtlsumqus
1060 1409 1228 1458 blusustcbv'lis
1232 1409 1323 1469 fratris
1326 1408 1360 1472 fi-

263 1487 424 1537 obsidentem
447 1488 628 1550 csnhsptnem
658 1501 674 1535 e
698 1486 790 1536 castris
827 1487 894 1546 lisa,
908 1502 973 1550 quem
986 1487 1126 1550 Masinissa]
1143 1487 1360 1551 Illudqvem,non

262 1564 390 1624 erocsvit,
402 1571 430 1613 et
447 1564 521 1626 regni
532 1563 601 1613 inter
613 1561 710 1612 liberos
727 1561 792 1611 divi·
828 1563 992 1626 dugunnum,
1002 1563 1049 1612 sed
1058 1563 1256 1613 Munustabilem
1265 1561 1362 1611 referre

263 1635 341 1686 deudl
363 1644 522 1701 potestatem
545 1637 595 1702 ipsi
614 1637 687 1687 iacit.
715 1637 792 1688 Obiit
829 1637 1052 1702 quidumputsut:
1071 1638 1362 1703 ideoquealtersmlec·

263 1723 307 1762 sn.
324 1713 411 1763 tetstis
429 1718 470 1763 uo.
487 1714 521 1764 sl.
532 1717 573 1765 ul.
594 1721 622 1763 et
642 1717 698 1763 loo.
719 1713 793 1777 regni
830 1712 926 1761 tionem
936 1728 1011 1778 quem
1022 1713 1119 1763 babent
1127 1714 1284 1763 vetustiores
1295 1712 1364 1763 eodi-

263 1793 304 1839 00.
316 1790 486 1840 munditate.
497 1790 635 1841 urbisbtlb.
647 1791 792 1854 relinquens
830 1802 883 1850 ces,
895 1802 946 1838 uon
957 1794 1053 1854 putant
1064 1790 1241 1853 rejiciendam,
1252 1804 1310 1853 quae
1325 1789 1363 1837 lte

263 1861 471 1929 llberlsreguum
480 1866 704 1929 amplissimum,e
721 1866 795 1915 Mau·
830 1867 923 1919 habet:
951 1867 1179 1932 ‘Jugurtbamque
1201 1866 1282 1916 filium
1307 1865 1363 1914 ble-

264 1939 340 1989 rusiis
352 1940 451 1991 Oceani
468 1943 652 2005 secolisusque
669 1941 701 1991 sd
716 1941 795 2005 Cyre·
831 1941 965 1992 destabilis
992 1941 1091 2005 fratris,
1112 1957 1188 2006 quem
1217 1941 1366 2002 Masinissa,

264 2016 350 2066 uentis
371 2017 477 2067 ditionis
498 2017 684 2066 mediterranea
703 2029 795 2080 prope·
832 2017 900 2082 qnod
911 2025 983 2067 ortus
994 2032 1027 2066 ex
1038 2019 1182 2068 concubina
1201 2025 1267 2077 erat,
1278 2017 1364 2080 priva·

264 2099 361 2155 gutum,
371 2100 399 2141 et
407 2092 509 2142 divitiae
521 2093 652 2141 maximus.
669 2091 794 2152 Hessas'sg.
831 2101 885 2143 tum
897 2094 1037 2158 reliquerat
1045 2094 1063 2142 ε’
1080 2093 1252 2156 intelligamus
1262 2093 1366 2140 Menas·

272 2168 392 2218 :nemu
414 2168 519 2231 Micipsa
532 2166 601 2233 filius
621 2166 673 2227 ejus
697 2179 796 2226 regnem
833 2168 937 2218 tabilem
956 2169 1077 2231 Micipsa
1093 2167 1200 2217 t'ratrem
1220 2181 1253 2216 ex
1270 2179 1364 2214 coucu-

265 2243 450 2308 tslssobtistuit]
464 2242 497 2292 'l'l
507 2243 613 2306 eiusnou
623 2243 701 2293 estin
711 2248 796 2292 vetus-
832 2243 893 2293 blua
910 2249 1004 2305 ortam,
1023 2256 1073 2291 nou
1089 2240 1259 2305 Jugarthsm3
1281 2252 1364 2303 neque

266 2321 369 2384 tls‚nec
383 2320 409 2370 iu
426 2318 606 2383 ermeneriptls
622 2318 701 2383 ipsiu
718 2325 746 2366 et
764 2331 796 2365 ex
833 2317 947 2381 obstare,
969 2318 1037 2382 quod
1060 2324 1151 2381 postea
1173 2316 1240 2366 dicit
1264 2322 1365 2375 unctor,

267 2401 353 2464 glossa
363 2399 498 2464 irrepsisse
507 2397 618 2447 videtur.
651 2397 684 2447 ln
693 2395 799 2459 eisdem,
833 2391 1384 2458 ‘issempsalemetiamautesdugurtltam-.

267 2476 336 2525 nats
351 2476 462 2538 legitur;
481 2475 509 2524 in
520 2472 739 2538 biersebnrgeusi,
750 2471 798 2521 De·
835 2472 994 2537 despexisse,
1009 2472 1071 2536 quis
1085 2478 1201 2520 materno
1211 2481 1305 2533 genere
1319 2467 1366 2516 im·

268 2549 331 2601 ttae.
349 2551 447 2602 Rivius.
836 2562 884 2612 per
895 2547 970 2598 erse!
989 2547 1129 2596 Glsreusss.

300 2628 394 2676 Ddsvde
406 2628 517 2689 Micipsa,
528 2628 580 2689 ue]
598 2624 737 2674 Masinissa
747 2637 799 2672 mo·
870 2624 947 2678 Quem
956 2623 1097 2684 Masinissa,
1106 2621 1161 2684 quia
1171 2626 1237 2669 astus
1245 2635 1276 2668 ex
1285 2632 1368 2667 coms·

268 2700 337 2748 rieus
346 2705 387 2751 tt.
398 2701 503 2762 reliquit
513 2698 591 2758 dlios,
602 2711 634 2744 ex
646 2699 738 2761 quibus
747 2705 799 2745 tres
836 2699 892 2747 bs'sss
902 2699 966 2761 erat]
984 2700 1015 2746 lu
1027 2700 1092 2747 bles.
1102 2698 1209 2760 aliisque
1220 2695 1369 2745 vetustiori·

268 2782 343 2824 eraut
355 2772 479 2837 legitimi:
496 2773 617 2834 Micipsa,
628 2770 800 2832 Mansatubsl,
837 2772 894 2834 bus,
905 2777 966 2834 qvod
972 2779 1053 2832 ortsss,·
1070 2772 1174 2822 tametsi
1182 2771 1273 2822 eodem
1282 2785 1366 2821 sensu.

269 2856 297 2901 st
306 2850 427 2912 Gulussa,
438 2838 656 2912 quemdppieuus
666 2846 799 2895 Gelcsssm
837 2847 931 2895 Rivius.

268 2932 355 2977 vocat.
387 2924 474 2989 Scipio
485 2923 572 2974 Minor
582 2923 670 2986 igitur,
679 2922 721 2971 cui
738 2921 800 2970 divi-
870 2923 964 2971 Cimo
989 2923 1044 2971 Nus
1059 2937 1085 2971 se
1101 2923 1169 2970 lusi
1187 2927 1256 2985 atoue
1272 2922 1367 2971 inertia

268 3004 308 3055 sio
326 3003 398 3068 regni
417 3000 543 3067 permissa
561 2999 648 3050 iuerat
663 2999 714 3063 (sic
733 2998 800 3050 enisu
837 3001 1029 3063 cmpesdus
1037 3000 1115 3063 dedit]
1130 3000 1259 3050 Velamen
1277 3000 1368 3049 Febri-

266 3079 382 3144 jusserut
392 3074 541 3141 Masinissa)
552 3090 660 3140 reguum
672 3075 754 3125 tribus
766 3076 801 3124 le·
838 3076 1002 3137 eisuum,vrssv
1011 3090 1037 3124 se
1046 3077 1102 3125 luxu
1110 3090 1182 3138 aeque
1192 3077 1287 3125 inertia
1294 3093 1304 3135 ,-
1321 3089 1369 3140 pro

270 3155 368 3218 gitinds
379 3154 469 3204 dedite
486 3154 595 3203 mortuis
604 3158 690 3201 sutem
701 3153 803 3202 Manas-
838 3153 919 3203 hessi:
943 3151 1070 3217 quomodo
1090 3160 1195 3202 veteres
1215 3152 1286 3218 loqui
1310 3166 1370 3201 con-

271 3230 358 3278 tebale
370 3236 398 3278 et
410 3230 531 3290 (iniussu,
541 3230 611 3278 solus
623 3228 737 3292 Micipsa
747 3242 803 3291 reg·
840 3244 926 3280 suesse
937 3219 1069 3280 annotuvit
1079 3230 1179 3281 Gellius
1190 3243 1228 3279 tv.
1241 3232 1281 3278 16.
1299 3229 1369 3279 lliuc

272 3304 352 3352 ussit.
396 3304 466 3352 Vide
487 3301 635 3365 Appianum
656 3305 683 3352 iu
704 3305 803 3366 Libyca
840 3307 948 3355 Terent.
976 3308 1104 3357 ‘Vestitu
1126 3307 1204 3355 nimio
1229 3306 1344 3368 indulges
1352 3303 1371 3352 ι’

271 3375 332 3424 itist.
365 3375 589 3426 ominium-22.
603 3385 631 3426 et
650 3379 802 3440 Eutropium
841 3396 889 3446 pro
905 3383 1016 3432 eatitue':
1033 3390 1061 3432 et
1071 3383 1202 3447 Virgilius,
1219 3383 1315 3444 ‘teque
1326 3380 1370 3429 gd.

271 3451 340 3501 λιν.
369 3452 454 3500 Custil.
488 3448 563 3500 Obiit
581 3450 615 3500 A.
626 3452 665 3500 M.
675 3455 748 3502 8848.
768 3454 802 3502 U.
841 3463 933 3520 spectu
950 3472 983 3506 ne
1000 3456 1123 3506 subtrahe
1140 3454 1253 3504 nostro:'
1270 3455 1370 3515 prosd-

272 3530 330 3578 oto.
347 3526 509 3588 ttnstvgtas.
839 3532 946 3594 meatui:
961 3537 999 3590 et,
1010 3531 1018 3558 ‘
1030 3529 1107 3581 Quod
1122 3542 1171 3576 uec
1184 3526 1322 3575 eoncubitu
1334 3527 1371 3575 in·

278 3609 286 3628 ¹
305 3601 481 3665 bimustubuls]
506 3603 571 3651 Cum
588 3601 719 3665 superiore
737 3618 803 3652 suno
840 3605 949 3668 dulgent
959 3604 974 3651 ι’
991 3610 1018 3652 et
1031 3603 1039 3630 ⁴
1051 3604 1137 3652 Parce
1147 3607 1219 3650 metu
1232 3602 1372 3653 Citherea.'

273 3677 430 3740 Sallustium,
444 3684 561 3727 veterum
577 3679 699 3727 librorum
718 3693 768 3744 ope
788 3695 804 3728 a
840 3681 891 3731 Sed
911 3687 939 3729 et
963 3680 1092 3729 Cererem
1111 3679 1137 3726 in
1149 3677 1309 3728 Anticatoue
1330 3683 1371 3729 do·

274 3769 316 3805 me
324 3753 485 3803 emendatum
494 3754 650 3815 emitterem,
660 3755 804 3818 precipue·
841 3759 942 3820 minate,
960 3770 1007 3819 pro
1017 3755 1155 3816 domitant,
1170 3753 1267 3803 dixisse
1284 3767 1371 3806 osteu-

275 3842 327 3897 que
338 3832 365 3881 iu
375 3844 405 3879 eo
416 3830 519 3893 adjutus
530 3846 612 3879 essem
628 3832 804 3897 antiquissimo
842 3834 896 3882 dit:
914 3839 943 3882 et
958 3830 1020 3880 alibi
1030 3835 1126 3892 mua,
1137 3846 1184 3894 pro
1195 3832 1298 3881 meatui.
1323 3833 1371 3880 Ta-

275 3911 360 3962 Fulvii
371 3910 459 3960 Ursini
476 3908 560 3969 libr03
578 3924 636 3959 eum
649 3911 688 3959 ita
699 3910 804 3975 diligen·
841 3911 959 3958 citusrrr.
973 3908 980 3935 ‘
993 3907 1047 3955 Per
1064 3906 1161 3955 cultum
1178 3915 1207 3958 et
1223 3906 1372 3971 munditias,

276 3997 319 4039 ter
326 3990 499 4053 inspexersm,
510 3986 571 4034 nihil
585 3995 616 4035 ut
633 3988 719 4035 ocellos
735 4001 805 4037 meos
841 3985 1005 4047 copiaqueet
1021 3980 1153 4032 affluentis
1168 3985 1230 4033 luxu
1250 3983 1372 4047 propior,'

277 4065 399 4130 effugisse
411 4065 560 4115 arbitrarer.
585 4063 637 4111 Sed
646 4076 705 4111 cnm
714 4071 806 4126 postea
842 4074 890 4124 pro
900 4057 976 4122 leui,
985 4066 1014 4108 et
1024 4073 1080 4110 xrv.
1095 4060 1103 4086 ‘
1115 4060 1241 4110 Cruciatu
1249 4066 1294 4107 aut
1305 4074 1370 4122 prta·

277 4143 387 4192 eundem
398 4142 491 4192 librum
508 4140 654 4189 evolverem
665 4155 672 4199 ;
689 4153 747 4189 eum
757 4140 806 4189 alie
843 4135 894 4184 mio
903 4142 998 4186 cuneta
1008 4134 1099 4200 pervia
1109 4134 1183 4198 esee,'
1192 4147 1239 4199 pro
1249 4135 1372 4184 mutatui.

279 4219 361 4268 mults
371 4218 476 4270 mluime
486 4215 640 4283 mulgeatis
654 4228 728 4268 secus
737 4216 765 4267 iu
775 4230 809 4268 ee
843 4210 926 4262 ldesr.
