3000 5040
297 332 365 403 Μ
642 346 835 401 asaneus
859 348 1074 424 nutriuntur

297 530 340 551 ·-
351 500 512 561 1188881111.
535 508 564 561 8.
587 499 718 562 Sallustii
743 498 851 559 bellurn
873 498 1086 569 Catilinarium,
1108 495 1139 555 ln
1155 513 1240 555 usum
1254 494 1404 555 minorum

337 597 501 656 scholarum
515 598 667 665 Baioariss,
683 616 750 654 eum
766 593 879 654 selectis
887 579 1089 672 interpretum]
1105 591 1210 661 Curtii,
1226 590 1404 668 Hottingeri,

276 732 280 739 -
336 701 368 750 et
380 691 612 769 Bipontinoruur‚
635 690 752 768 suisque
772 688 1070 750 animadversionibus
1085 686 1177 746 edidit
1194 684 1287 746 Henr.
1311 686 1407 745 Brau-

338 807 415 851 1888.

301 891 378 954 1788
395 884 520 943 Parisiis.
538 892 584 945 ta.
599 900 663 941 cnm
679 879 844 940 Duttevillii
859 879 992 940 versione
1007 879 1132 941 Gallica.

301 989 381 1050 1784
396 979 529 1039 Londini.
546 978 766 1055 8.-—Repetitio
781 976 831 1035 ed.
846 975 972 1054 Crispini
987 976 1015 1035 in
1031 996 1114 1035 usurn
1128 974 1281 1053 Delphini.

302 1086 381 1147 1788
397 1078 568 1136 1188818118.
583 1084 611 1135 8.
622 1092 671 1152 ap.
681 1072 828 1132 Ritscher.
850 1072 976 1133 Sallustii
989 1073 1098 1133 bellurn
1112 1070 1405 1133 Catilinarium.-—lu

307 1205 311 1219 ·
343 1171 536 1233 lectionibus
552 1171 756 1230 historicorum
779 1168 947 1226 Latinorum
963 1169 992 1227 in
1007 1187 1091 1227 usum
1106 1167 1271 1228 scholarum
1286 1164 1373 1225 editis
1387 1182 1406 1222 a

342 1271 390 1329 Jo.
406 1270 498 1326 Henr.
512 1267 588 1325 Just.
604 1265 753 1340 Koeppen.

301 1394 343 1410 -
355 1362 516 1420 Aveniuue.
534 1369 580 1420 12.
595 1378 664 1417 eum
678 1358 828 1417 Dottevilii
843 1357 971 1417 versione
985 1355 1113 1416 Gallica.

304 1462 383 1525 1789
396 1455 433 1516 C.
449 1453 546 1531 Crispi
565 1452 691 1512 Sallustii
712 1453 812 1530 Opera
832 1452 941 1522 onnia,
956 1470 1064 1510 excusa
1077 1451 1114 1510 ad
1129 1449 1285 1510 editionem
1299 1451 1408 1519 Curtii,

342 1569 411 1611 curn
425 1549 601 1609 editionibus
617 1548 812 1626 Havercampi
823 1556 853 1608 et
863 1547 1012 1613 Gabrielis
1025 1547 1146 1607 Antonii
1159 1547 1306 1606 collatam.
1330 1545 1410 1605 Loa-

343 1647 414 1717 dini‚
430 1647 509 1725 apud
528 1645 635 1723 Payne.
653 1653 680 1705 8.
704 1643 872 1714 rimantis,
896 1642 999 1703 addito
1020 1650 1119 1702 tanuen
1140 1641 1238 1701 indice
1260 1639 1433 1713 variarum,

307 1768 310 1773 ·
342 1743 512 1802 lectionum.

308 1844 387 1910 1790
398 1836 434 1897 C.
450 1837 575 1914 Crispus
589 1834 749 1895 Sallustius.
765 1832 920 1896 Accedunt
938 1835 1068 1895 recensio
1081 1833 1245 1894 novissimae
1266 1829 1407 1890 versionis

347 1932 529 2011 Hispaniam,
545 1934 676 1991 Examen
689 1931 830 1992 variarum
852 1932 1021 2002 lectionum,
1044 1929 1248 2010 Interpretatio
1262 1929 1407 1996 loturum,

343 2028 437 2087 ludex
452 2027 619 2088 Latinitatis
632 2032 764 2103 (curante
784 2026 866 2088 Guil.
885 2026 960 2088 Abr.
973 2027 1115 2104 Tellero.)
1135 2024 1273 2095 Berolini,
1293 2042 1329 2083 er
1343 2022 1409 2082 offi-

344 2125 410 2184 eina
424 2125 473 2185 Jo.
489 2123 569 2183 Frid.
584 2124 708 2202 Ungeri.
725 2130 753 2183 8.

306 2252 348 2270 -
360 2221 395 2280 C.
410 2216 507 2296 Crispi
521 2218 648 2278 Sallustii
664 2220 765 2296 Opera
786 2234 852 2295 quse
866 2224 976 2289 extant,
991 2219 1049 2277 818.
1065 2236 1101 2277 es
1114 2236 1173 2278 reo.
1189 2215 1285 2276 Gottl.
1300 2214 1406 2276 Curtii.

345 2316 527 2392 Noribergae,
542 2333 590 2391 ap.
607 2313 718 2391 Riegel.
735 2321 782 2375 12.
798 2313 859 2372 sine
874 2313 960 2373 notis.

304 2444 345 2459 -·
357 2412 393 2469 C.
408 2409 504 2486 Crispi
518 2407 645 2467 Sallustii
657 2409 765 2467 bellum
777 2409 991 2481 catilinarium,
1006 2428 1075 2469 cnm
1084 2410 1216 2470 versione
1228 2408 1411 2469 Germanica

344 2512 375 2562 et
389 2503 465 2562 notis
479 2501 579 2561 histor.
594 2505 632 2560 Α.
647 2504 687 2561 G.
704 2502 857 2562 Meissner.
872 2504 993 2581 Lipsiae,
1008 2524 1056 2581 ap.
1071 2504 1233 2583 Breitltopf.
1249 2517 1278 2566 4.

305 2632 346 2647 -·
360 2599 396 2659 C.
411 2600 461 2658 Cr.
477 2598 606 2657 Sallustii
621 2599 747 2658 Catilina
765 2607 795 2657 et
814 2600 970 2677 sagmina,
993 2618 1060 2658 cum
1075 2603 1206 2660 versione
1221 2603 1324 2662 Germ.
1339 2603 1412 2664 Alb.

346 2694 957 2773 1181.1181811811Μ88881111,8818811181.
966 2696 1375 2758 8.-Conl.Verss.Germ.h.
1384 2720 1412 2760 a.

308 2791 386 2862 1796
399 2791 525 2850 Parisiis.
552 2799 600 2851 18.
619 2791 786 2863 Sallustius,
810 2792 914 2851 Cicero
935 2800 965 2850 et
985 2793 1020 2850 P.
1036 2792 1125 2852 Latro
1145 2794 1176 2852 in
1198 2794 1366 2856 Catilinam.
1382 2804 1412 2855 3.

344 2888 416 2946 voll.
431 2907 458 2946 e..
474 2887 541 2965 ligg.

307 2988 385 3052 1797
399 2983 434 3043 C.
446 2979 544 3061 Crispi
556 2982 686 3042 Sallustii
696 2983 805 3042 bellum
815 2983 1018 3044 Catilinarium
1028 2994 1058 3045 et
1068 2986 1085 3045 J
1089 2987 1286 3064 ugurthinum,
1299 3006 1334 3045 ex
1347 3007 1411 3048 reo.

345 3081 441 3139 Gottl.
457 3080 559 3150 Curtii,
582 3100 649 3139 cum
673 3080 811 3139 varietate
833 3079 966 3140 lectionis
991 3101 1027 3139 ex
1042 3082 1137 3140 tribus
1151 3082 1248 3141 Codd.
1265 3084 1341 3142 Mss.
1360 3104 1412 3143 ex·

345 3186 466 3252 cerptae,
488 3186 517 3234 et
540 3196 608 3235 cum
631 3175 804 3253 praefatione
824 3177 963 3253 Theoph.
986 3177 1158 3256 Christoph.
1175 3178 1289 3236 Harles.
1311 3178 1413 3240 Editio

345 3269 436 3329 altera
451 3271 566 3329 auctior
579 3280 609 3329 et
623 3272 812 3331 emendatior.
834 3272 1019 3348 Noribergae,
1034 3293 1083 3351 ap.
1099 3275 1122 3332 F
1123 3273 1263 3333 elsecker.
1281 3282 1309 3333 8.

311 3372 386 3436 1798
399 3365 552 3424 Sallustius
566 3385 631 3424 cum
646 3366 722 3424 notis
735 3373 826 3443 atque
840 3365 1093 3425 emendationibus
1106 3370 1154 3427 Jo.
1167 3369 1302 3426 Hunteri.
1318 3373 1412 3450 Apud

348 3462 488 3532 Mariam,
503 3469 618 3541 typogr.
633 3461 788 3521 Universit.
811 3462 842 3519 S.
859 3461 995 3521 Andren.
1014 3471 1041 3523 8.
1145 3453 1152 3465 ’

308 3564 388 3625 1799
402 3559 436 3617 C.
453 3559 547 3636 Crispi
571 3557 702 3618 Sallustii
724 3556 833 3616 bellurn
855 3557 1067 3630 Catilinarium,
1090 3557 1127 3617 ad
1154 3559 1304 3638 exemplar
1326 3563 1357 3621 S.
1374 3564 1411 3624 V.

344 3648 454 3709 'l'elleri
470 3654 580 3725 edidit,
595 3655 741 3735 notisque,
759 3654 916 3722 maximam
940 3663 1051 3735 partem
1066 3656 1135 3728 suis,
1150 3657 1304 3717 illustravit
1319 3658 1413 3718 Henr.

345 3741 512 3802 Knnhardt.
529 3751 666 3819 Lubente,
681 3770 729 3828 ap.
745 3752 840 3811 Bohn.
858 3760 885 3812 8.

308 3844 385 3900 1800
399 3838 527 3897 Sallustii
550 3843 686 3910 Catilina,
708 3844 762 3902 mit
783 3845 983 3906 erhlaerenden
1005 3848 1232 3928 Anmerhuugen
1254 3849 1412 3928 heransge-

345 3936 510 4014 gehennon
531 3935 600 3994 lob.
625 3937 735 3997 Christ.
756 3939 846 4000 With.
872 3941 963 4001 Dahl.
988 3945 1055 4017 (Est
1076 3964 1144 4024 pars
1164 3962 1246 4007 x111.
1260 3946 1411 4024 Euryelo-

346 4031 453 4109 paediae
475 4031 668 4110 Campianae.)
689 4034 850 4097 Brttnsvioi.
875 4040 1049 4101 8.-11111181
1073 4050 1181 4121 praeter
1201 4043 1257 4102 alia
1279 4042 1411 4104 subsidia

359 4620 533 4754 „fx
