2994 5040
466 730 890 831 RECENSUS

170 995 529 1075 EDITIONUM
564 995 836 1071 C.CRISP1
871 1001 1199 1097 SALLUSTII,

483 1216 643 1269 Aucnron
659 1217 888 1270 FABRICIANO

368 1412 412 1461 ET
428 1408 630 1462 SECUNDUM
647 1411 792 1462 AETATES
810 1411 993 1465 ultimus.

483 1816 596 1877 AETAS
618 1820 641 1879 l.
695 1820 880 1879 NllTALlS.

581 1937 786 1998 raro—1485.

141 2025 342 2087 ····E01'r10
364 2023 500 2103 primaria
523 2025 669 2103 princeps,
683 2046 707 2084 a.
722 2046 769 2084 an.
785 2025 843 2082 loc.
864 2035 894 2083 et
919 2033 1034 2102 lypogr.
1049 2037 1078 2085 4.
1093 2029 1230 2105 (Parisiis,

175 2121 255 2180 circa
274 2141 383 2180 annum
408 2129 494 2188 1470.
516 2139 568 2197 per
580 2120 684 2180 Udalr.
699 2120 821 2196 δεκίης,
844 2120 932 2177 Mart.
954 2120 1071 2191 Crautz,
1091 2133 1121 2181 et
1136 2127 1229 2188 Miob.

175 2217 352 2295 Friburger.)
372 2216 496 2294 incipit:
513 2223 521 2248 ‘
537 2215 600 2274 Caii
614 2216 708 2293 Crispi
723 2215 850 2285 Salustii,
866 2213 904 2273 de
915 2215 996 2275 Lucii
1008 2216 1144 2278 Catilinae
1158 2240 1231 2283 con·

175 2312 317 2371 iuratione
341 2312 414 2370 liber
434 2310 569 2369 foeliciter
591 2310 712 2388 incipit!
758 2313 791 2369 ln
813 2312 874 2370 aliis
896 2321 991 2371 tamen
1016 2316 1229 2391 exemplaribus

173 2407 295 2485 legitur:
318 2407 405 2465 ‘Caii
430 2407 526 2483 Crispi
552 2407 678 2474 Salustii,
707 2408 878 2467 nobilissimi
907 2409 978 2468 ciuis
1006 2429 1040 2469 ao
1068 2413 1229 2474 consularis

174 2505 297 2574 romani,
318 2503 355 2562 de
376 2503 460 2561 Lucii
478 2502 611 2563 Catiliuae
633 2503 834 2562 coniuratione
856 2504 929 2563 liber
950 2504 1083 2565 loelioiter
1105 2508 1230 2587 incipit!

175 2601 208 2657 ln
226 2599 307 2659 line:

254 2705 262 2728 ‘
279 2696 366 2754 Nunc
380 2706 465 2772 parat
478 2714 558 2754 arma
571 2694 708 2772 virosque
723 2695 808 2753 simul
824 2694 905 2772 [sibi]
920 2713 969 2752 rex
984 2693 1131 2754 Maximus
1146 2696 1227 2756 orbis
1336 2698 1338 2702 ⁴

295 2790 437 2849 Hostibus
451 2791 576 2868 antiquis
588 2789 706 2849 exitium
722 2791 865 2849 minitans.

255 2887 342 2944 Hunc
356 2886 441 2962 igitur
455 2885 532 2943 bello
547 2884 665 2944 studeas
679 2904 749 2961 gens
764 2886 956 2956 Pariseorum,

293 2980 349 3038 Cui
364 2980 468 3038 Martis
484 2978 631 3056 qnondam
646 2979 738 3055 gloria
751 2999 856 3057 magna
870 2980 932 3039 luit.

251 3074 392 3151 Exemplo
407 3074 460 3133 tibi
475 3074 531 3132 sint
544 3092 623 3130 nunc
637 3074 723 3133 sortia
738 3073 814 3133 facta
828 3075 973 3144 Virorum,

293 3170 368 3236 Qnae
382 3167 470 3245 digna
484 3177 624 3226 memorat
638 3168 759 3245 Crispus
778 3169 806 3227 in
822 3169 948 3230 historia.

250 3263 467 3342 Armigerisque
482 3264 538 3321 tuis
552 3262 729 3321 Alamannos
744 3263 928 3334 adnumeres,
944 3266 994 3343 qni

292 3362 352 3420 Hos
367 3380 495 3439 pressere
509 3361 611 3430 libros,
625 3378 705 3418 arma
719 3359 814 3419 lutura
828 3361 904 3419 sibi:

174 3458 311 3518 Maitlair.
336 3477 403 3534 pag.
419 3465 487 3526 293.
509 3455 603 3515 Caral.
626 3455 663 3512 da
685 3456 713 3513 la
735 3456 811 3512 Bibl.
827 3454 867 3512 du
881 3456 987 3513 Comle
1010 3452 1048 3509 de
1069 3449 1227 3531 Rewiczlry
1307 3468 1311 3473 ’

173 3572 242 3630 pag.
259 3562 325 3610 112.
340 3572 384 3628 sq.
399 3552 509 3608 Panzer
523 3553 612 3607 Tom.
629 3565 667 3607 11.
683 3568 751 3624 pag.
766 3558 833 3617 270.

136 3657 213 3716 1470
235 3645 371 3706 Veneriis.
393 3644 454 3701 1201.
469 3663 521 3719 per
535 3640 720 3699 Vindeliuum
735 3639 771 3697 de
785 3640 878 3715 Spira.
913 3639 1010 3698 Editio
1028 3640 1164 3721 princeps
1183 3664 1227 3705 se-

173 3744 278 3814 cunda,
294 3745 369 3803 Jnuo
380 3742 520 3808 Grnloro,
535 3736 648 3796 Wassio
661 3746 690 3795 et
705 3735 805 3794 Corrio
819 3736 961 3807 consulta,
977 3737 1027 3797 sad
1043 3738 1224 3815 principibus

172 3842 293 3901 aliorum
309 3847 458 3896 auctorum
472 3832 649 3894 editionibus
664 3832 749 3910 longe
763 3830 888 3891 inferior.
922 3834 954 3891 ln
969 3834 1050 3893 caloe
1064 3833 1184 3911 legitur:

293 3936 498 3992 ‘Exnurcrn
551 3929 896 3989 n1.c.C.c.C.L.x.x.

253 4030 312 4100 Qui
326 4029 411 4107 cupis
425 4028 554 4106 ignotum
570 4026 853 4104 lugurlbaenoscere
867 4025 955 4083 lerum

289 4124 413 4203 Tarpeia
427 4123 506 4203 rupis
519 4122 621 4200 pulsus
635 4122 673 4181 ad
688 4120 744 4181 ima
758 4120 823 4181 ruit.
