3000 5040
265 351 334 418 m
614 359 1009 416 sormvsnronou'rr

266 509 317 561 ella
331 515 360 559 et
378 509 481 560 nomine
496 508 697 570 latiumcostra
714 507 797 556 Grec-
834 509 944 555 natur:
962 504 1101 569 qssdere·
1111 505 1239 568 esempls,
1249 505 1321 570 qnod
1335 505 1367 555 iis·

236 594 246 627 ¹
268 586 346 638 hum
366 585 484 649 reliquit:
502 599 563 634 sane
572 592 602 634 et
612 585 703 633 bonam
715 591 742 632 et
752 595 797 631 no-
834 586 936 644 promtu
948 577 1364 644 immaculatissimam.

268 660 373 712 boemi
390 667 417 708 et
435 667 493 722 post
511 659 613 722 alique:
631 658 737 708 ‘Aliter
753 668 796 706 as·
866 655 1091 719 unomen]
1106 656 1186 718 Persi,
1205 669 1253 720 pro
1274 657 1366 721 Persis,

269 742 361 791 temet
373 735 484 783 Fannius
495 735 532 783 Μ.
543 736 572 784 Ρ.
582 735 612 802 C.
624 735 698 784 laelii
708 746 797 797 gener,
834 731 967 794 surpsrit
987 730 1065 780 etism
1091 732 1196 781 'l'scitus
1216 732 1365 782 Ssllnstirsnr

270 819 299 862 st
309 811 463 872 moribus,ct
473 811 530 873 ipso
539 809 744 873 generedicendi
752 809 799 856 du·
835 808 960 867 imitatus,
971 822 1029 857 cnm
1040 807 1107 858 dixit
1125 808 1142 858 l.
1153 821 1193 857 rr.
1209 811 1218 837 ⁴
1230 808 1283 857 Per
1297 808 1368 858 belh

269 887 331 937 rior.
364 886 391 935 ls
406 889 488 935 soceri
498 887 623 949 instituto,
632 887 730 951 (quem,
738 884 799 949 quis
835 881 931 932 Persi!
954 883 1062 932 Ursinus.

272 969 409 1026 cooptatis
421 963 447 1010 io
459 961 590 1026 Augurum
601 964 737 1027 collegium
748 975 798 1010 non
869 959 950 1023 Persi]
970 960 1064 1008 Perses
1082 958 1197 1023 Philippi
1217 973 1251 1008 ex
1272 959 1367 1022 pellice

268 1047 339 1103 erat,
356 1055 407 1088 non
427 1039 563 1089 admodum
582 1040 718 1103 diligebat:
736 1053 800 1103 prae-
837 1034 1246 1096 ilnstboenisiilias,llemetriuas
1257 1034 1368 1085 mtrem

269 1118 360 1166 sertim
370 1130 428 1164 cum
439 1117 483 1165 ille
492 1117 524 1167 Q.
533 1118 674 1165 Scaevolam
684 1116 744 1176 sibi,
755 1115 800 1163 mi·
833 1113 906 1176 justa
923 1108 1116 1161 matrefamilias
1132 1119 1226 1172 ortum,
1243 1112 1368 1176 regnique

272 1205 362 1242 norem
386 1198 448 1241 nstu
476 1206 598 1256 generum
628 1190 800 1254 pretulisset:
837 1201 1019 1250 successorem,
1046 1188 1150 1250 luridis,
1171 1190 1313 1249 cslnmnlis,
1339 1196 1369 1239 et

270 1266 316 1317 ni
335 1273 421 1315 tamen
443 1268 535 1316 Iaeliur
554 1281 582 1315 se
600 1279 734 1326 excussus,
749 1279 800 1312 non
838 1263 1370 1329 confictiscriminstionibnsspudpetrem

271 1355 369 1405 persero
379 1343 471 1390 minori
486 1342 553 1392 dixit
564 1357 592 1391 se
608 1342 681 1400 illud,
692 1341 737 1389 sed
749 1356 802 1389 me·
839 1340 983 1404 perniciose
994 1339 1170 1403 degravatum,
1181 1354 1214 1389 ex
1229 1341 1328 1390 insidiis
1340 1348 1370 1390 et

269 1417 324 1481 iuri
334 1416 394 1466 filie
404 1416 541 1480 detulisse)
552 1419 572 1466 is
584 1425 669 1466 tsrneu
683 1417 802 1466 instituto
840 1416 920 1480 petris
932 1415 1063 1474 mmdnto,
1073 1422 1104 1466 ut
1119 1430 1168 1480 per
1183 1416 1281 1466 Didsm
1294 1416 1368 1467 Pmo-

271 1493 350 1542 rastil
360 1492 508 1543 Pnnretiorn
520 1493 669 1543 audiverat:
686 1493 741 1557 ejus
750 1509 802 1542 om·
840 1492 1038 1556 stupratorem
1053 1505 1152 1543 resono
1169 1493 1370 1555 interficeretur,

272 1567 351 1617 sirm
363 1567 473 1616 dicendo
482 1566 589 1617 incultas
600 1582 634 1617 ex
646 1569 753 1618 bistoris
767 1569 804 1632 ip·
841 1566 936 1618 eil'eolt.
962 1568 1371 1633 Plsllippnsmoeroreobinnorli

273 1643 327 1691 slas
338 1655 388 1689 aon
402 1642 563 1705 ineleganter
578 1645 675 1709 scripto
691 1645 803 1709 perspici
840 1643 886 1694 lilii
898 1651 1006 1694 mortem
1016 1647 1140 1712 senioque
1155 1655 1333 1711 consumptus,
1344 1647 1371 1698 lu

274 1722 377 1781 potest:
395 1731 453 1781 quie
464 1732 548 1783 neque
564 1721 638 1769 nimis
655 1728 695 1770 est
711 1721 804 1783 iniens,
842 1726 968 1784 apparitu
980 1719 1042 1770 belli
1056 1728 1148 1771 eontrs
1159 1722 1372 1772 llomsnosmorl·

274 1796 360 1857 nsque
379 1789 496 1856 perfecte
515 1794 629 1845 diserto?
660 1796 724 1859 Ejus
744 1811 805 1860 quo·
843 1801 895 1845 tur.
927 1796 1031 1859 Perses,
1048 1811 1164 1861 regnum,
1180 1798 1248 1861 qnod
1262 1798 1374 1861 'perrici-

274 1881 327 1931 qne
336 1866 476 1916 Annalium
485 1869 604 1918 meminit
613 1870 706 1919 Cicero
722 1872 806 1934 primo
842 1871 887 1920 dio
902 1873 1053 1937 scelereque
1069 1882 1251 1937 occuparent,
1269 1873 1374 1938 accipit,

276 1942 483 1993 deLL.etl.11.
495 1944 615 1994 deOrst.
628 1948 690 1995 item
708 1947 741 1995 ad
758 1947 806 1995 ilt-
843 1953 870 1996 et
879 1947 952 2011 qussi
962 1947 1148 1997 berediturbrm
1157 1948 1205 1998 sibi
1215 1963 1272 1999 com
1282 1950 1314 1998 P.
1324 1949 1374 1998 Ro·

276 2018 358 2068 ticum
369 2017 387 2067 l.
400 2031 451 2066 xrs.
463 2021 539 2082 epist.
551 2026 576 2070 o.
587 2021 631 2069 obi
642 2031 670 2071 et
681 2022 806 2073 indicate
842 2034 918 2070 mmo
934 2036 949 2070 a
965 2029 1041 2086 pstre
1058 2022 1154 2071 bellum
1165 2024 1285 2072 relictum
1297 2032 1376 2085 esset,

275 2093 362 2145 iltuto
378 2093 458 2143 fuisse
475 2095 500 2143 iu
519 2097 700 2160 compendium
717 2099 806 2148 redoc-
842 2094 880 2144 ite
891 2096 977 2145 omnis
988 2095 1096 2144 consilia
1108 2095 1142 2143 sd
1156 2097 1210 2159 ejus
1221 2106 1375 2161 opperstnrn

277 2177 329 2222 les.
355 2171 420 2222 Voss.
843 2176 871 2220 et
887 2184 976 2220 erosas
992 2171 1132 2233 convertit,
1143 2185 1268 2236 regesqne
1286 2173 1378 2236 populi

276 2286 282 2296 ,
310 2247 400 2311 Nobis]
430 2249 469 2297 Er
490 2248 622 2298 Priscisuo
639 2251 696 2301 l.r.
714 2249 807 2300 Exem·
844 2247 950 2297 Romani
962 2248 1044 2297 socios
1054 2247 1161 2297 invadit.
1174 2248 1317 2312 Abrupolim
1330 2250 1378 2298 Sa·

275 2325 374 2390 pler.
385 2326 492 2374 Martini
504 2327 669 2377 Lemniensis
685 2327 749 2376 dnss
765 2341 807 2376 ro·
845 2334 958 2387 pisorum
968 2323 1084 2387 sagulum
1100 2337 1180 2388 regno
1190 2325 1306 2388 expellit.
1340 2326 1377 2376 Α.

277 2402 460 2465 mernlgsts
471 2402 585 2453 editione
595 2404 686 2455 variet.
698 2406 808 2468 primum
846 2407 959 2451 retsmm
980 2400 1128 2465 lllyriorum
1148 2399 1280 2470 interficit.
1325 2403 1377 2452 En-

277 2478 431 2540 euimlegit,
446 2477 692 2543 robbneperprisroe:
707 2482 810 2543 deinde,
846 2492 946 2528 messem
966 2477 1184 2539 Pergsmenornm
1207 2490 1292 2540 regem
1311 2480 1377 2528 Dci-

277 2552 372 2616 agitsr,
389 2567 435 2616 pro
449 2555 517 2616 ogit:
542 2556 610 2619 qood
630 2558 767 2621 posterius,
782 2559 810 2605 li.
846 2554 904 2618 pbis
923 2553 1073 2616 gravissime
1093 2567 1142 2616 per
1160 2547 1298 2602 submiss'os
1321 2568 1378 2616 per-

278 2634 325 2677 oet
346 2628 471 2691 probante
492 2631 607 2678 'llrosauo
628 2631 730 2692 codice,
748 2645 810 2680 non·
846 2643 964 2679 cursores
985 2628 1086 2693 slliigit.
1130 2629 1259 2678 (ir-eciam
1287 2637 1379 2679 contro

278 2705 342 2753 dom
353 2704 451 2753 admisi.
482 2707 527 2754 Sic
543 2709 569 2754 in
582 2708 680 2757 critico
691 2710 809 2758 emenda.
848 2704 1187 2754 Rormudarmasollicitat.
1221 2706 1330 2768 Legatos
1343 2706 1377 2754 P.

280 2777 378 2830 donum
403 2778 640 2830 Sabostinisnarum
664 2784 810 2833 emendavi.
846 2780 953 2828 lionrnni
963 2779 996 2827 od
1007 2792 1048 2827 res
1061 2778 1216 2841 repetendas
1226 2781 1325 2843 missos,
1337 2795 1377 2829 su-

277 2864 338 2926 dtur
360 2855 429 2918 epod
445 2855 550 2906 Sallust.
567 2857 636 2907 bello
655 2859 810 2922 Jngnrtbino
847 2858 927 2919 perbe
939 2864 966 2906 ot
978 2857 1149 2919 contemptim
1162 2867 1294 2923 exceptos,
1306 2860 1378 2922 regni

278 2945 306 2983 c.
317 2936 358 2982 26.
373 2934 381 2960 ⁸
393 2933 472 2981 Porro
483 2932 580 2983 enimus
592 2933 714 2998 cupidine
725 2949 811 2984 coiens
847 2931 939 2981 linibus
950 2934 1017 2980 intra
1028 2931 1141 2981 triduum
1152 2936 1223 2982 exire
1233 2935 1379 2998 compellit:

281 3008 316 3059 nd
330 3008 461 3072 inceptum
477 3011 560 3059 scelus
577 3009 713 3073 rapiebst!
746 3011 811 3060 Cum
847 3016 925 3072 nique
937 3010 967 3058 iis
979 3009 1012 3057 de
1023 3009 1104 3058 censis
1120 3010 1170 3073 ipsi
1187 3011 1281 3060 bellurn
1298 3011 1380 3060 indic·

281 3087 361 3148 rnlgo
382 3086 478 3150 ubique
496 3089 638 3151 legeretur,
659 3086 812 3151 mpietatem·
848 3091 903 3134 turn
914 3092 964 3144 est,
983 3085 1049 3148 qnod
1068 3101 1083 3133 ι
1101 3087 1182 3134 Perse
1197 3087 1341 3148 Persicum,
1353 3094 1380 3135 et

280 3164 341 3217 hoo
362 3163 394 3211 sb
413 3164 555 3212 bominibus
573 3164 737 3227 ineptissimis
758 3166 812 3213 Sol·
850 3161 1048 3210 Macedonicum
1064 3162 1203 3213 secundnm
1220 3163 1319 3213 dictum
1331 3172 1379 3213 est.

280 3239 407 3289 lustinum
416 3238 536 3303 loquendi
547 3240 660 3289 rationes
677 3240 814 3304 ignoranti·
849 3237 881 3285 P.
893 3237 1008 3286 Licinius
1026 3238 1132 3287 Croesus
1152 3239 1211 3288 Cos.
1231 3248 1321 3290 contro
1342 3256 1380 3289 re·

249 3361 255 3367 ,
280 3313 332 3364 bns
343 3313 412 3362 foede
420 3314 572 3376 depravato.
590 3318 684 3365 Canio,
851 3327 907 3377 gem
920 3312 1061 3377 profectus,
1072 3317 1150 3364 tertio
1161 3323 1188 3364 et
1206 3316 1327 3365 uicesimo
1339 3331 1382 3365 sn·

285 3410 288 3417 ·
316 3388 414 3450 Semper
434 3388 461 3435 in
481 3392 606 3437 camnine
627 3393 754 3454 libertatis,
771 3400 814 3444 aot
849 3403 884 3438 oo
899 3403 932 3438 ex
949 3405 998 3455 qno
1011 3391 1111 3453 petenti
1123 3391 1244 3454 Pbilippo
1260 3405 1311 3454 pax
1323 3390 1384 3441 dato

283 3463 602 3528 pieriae,orrtdornieotiorls
617 3467 681 3528 ogit]
702 3470 814 3519 (irridens
851 3473 918 3527 eret,
940 3468 1054 3530 equestri
1082 3468 1172 3529 prrello
1193 3465 1225 3513 sd
1249 3468 1383 3529 Sycntium

284 3539 405 3604 proogit,
414 3539 644 3600 sgiturrescribere
655 3540 814 3604 institerunt,
850 3540 991 3590 'lbessnliae
1009 3543 1085 3606 juxte
1108 3541 1199 3590 Osssm
1220 3541 1344 3603 oppidum
1368 3559 1383 3592 s

281 3605 435 3679 ueteris(nt
451 3613 562 3677 videtur)
579 3616 676 3665 codicis
687 3615 763 3666 fidem
775 3632 814 3667 se·
852 3614 933 3662 Perre
952 3616 1034 3664 victus
1051 3622 1105 3664 est:
1124 3630 1213 3678 picem
1234 3622 1329 3666 tamen
1340 3634 1384 3683 pe-

285 3694 358 3743 culi:
376 3692 444 3742 uude
453 3691 566 3756 suspicio
576 3699 616 3742 est
631 3694 710 3755 agitat
724 3694 749 3742 in
761 3695 815 3744 Sul·
852 3692 918 3741 tenti
936 3691 1001 3756 regi,
1013 3691 1062 3740 nisi
1081 3700 1184 3742 senstns
1202 3693 1308 3742 arbitrio
1327 3711 1384 3745 sese

286 3768 364 3818 lustio
374 3768 451 3816 scribi
462 3767 573 3817 debere:
594 3777 622 3818 et
633 3778 706 3818 certe
716 3785 815 3820 mecum
852 3770 1028 3833 permitteret,
1035 3770 1154 3832 negavit:
1172 3770 1317 3836 iterumque
1326 3787 1385 3823 curn

285 3842 354 3894 ducit
365 3844 816 3910 priscianumnnjusrrngmentiinu.
853 3859 915 3910 sege
926 3845 952 3893 in
969 3844 1125 3893 Pbalmnaeo
1144 3860 1207 3908 egro
1222 3860 1386 3912 conpressus,

286 3921 384 3980 daton
401 3922 443 3984 qui
454 3920 535 3981 egitur
546 3922 593 3969 boc
604 3923 661 3972 loco
678 3924 748 3988 (lego
764 3926 816 3987 agi·
853 3923 1099 3972 melioresuccessu
1115 3924 1247 3986 pugnavit.
1285 3926 1385 3975 Licinio

284 3995 338 4061 td)
358 4011 404 4060 pro
416 3996 469 4057 ogit
485 3996 595 4057 positum
612 3997 764 4047 observasse
781 4001 815 4048 ri·
854 3996 980 4046 Hostilius
990 3997 1181 4058 successit,sub
1192 4001 1334 4062 quosolnta
1344 4010 1385 4049 est

231 4113 233 4118 ,
288 4072 452 4136 deripotest.
484 4070 568 4120 Quid?
585 4073 653 4135 qnod
668 4074 817 4139 plerumque
854 4070 1386 4136 perlicentiammilitnr·isdisoipline;so-

287 4145 486 4211 drsqueutstiris
506 4147 608 4195 evenire
628 4150 702 4208 solet,
721 4157 751 4198 nt
771 4164 817 4213 pro
855 4147 908 4197 eloe
920 4154 1005 4196 tomen
1016 4162 1074 4197 cunr
1086 4149 1136 4198 lide
1150 4150 1237 4210 coluit,
1249 4157 1276 4198 et
1289 4164 1304 4197 s
1317 4153 1385 4214 regis

286 4221 445 4284 simplicibus
462 4223 495 4273 sb
515 4223 649 4275 ilistorico
668 4234 757 4277 nostro
776 4240 818 4291 po
854 4223 1063 4289 injurisegregie
1076 4224 1200 4274 defendit.
1223 4228 1256 4278 il.
1271 4227 1386 4278 Marcius
