3000 5040
589 355 901 409 o.o.ss1.nnsrsr.
1220 343 1284 411 001

235 499 673 562 nccccsxxxrs.diexv11.
702 501 808 561 mensis
836 500 961 578 Aprilis!
987 509 1008 561 4
1034 501 1104 561 siin.
1130 503 1187 576 (ex,
1206 500 1284 563 offic.

233 594 360 653 Euchar.
370 595 667 667 Silber.)—Maittair.
689 617 757 675 pag.
773 607 842 658 488.
857 599 966 657 Panzer
977 597 1066 654 Tum.
1083 613 1121 656 11.
1136 615 1203 674 pag.
1215 605 1283 667 479.

195 697 272 749 1483
287 689 438 748 Sallustius
452 711 519 750 cum
534 703 711 753 commento.
725 694 863 753 Venetiis.
878 692 1124 752 Ful-Maittair.
1133 711 1200 770 pag.
1215 700 1285 753 460.

124 788 127 801 “
234 783 343 842 Panzcr
355 786 442 844 Tum.
458 802 512 846 111.
528 807 595 865 pag.
611 797 680 849 202.

195 886 271 938 1485
287 879 322 938 C.
348 881 444 958 Crispi
469 883 595 941 Sallustii
619 885 737 943 historia
759 884 796 944 de
818 884 1020 960 conjuratione
1044 883 1176 943 Catilinae
1196 891 1227 944 et
1249 882 1287 942 de

233 974 312 1034 bello
325 977 342 1035 J
346 976 514 1052 ugurthino.
535 976 662 1035 Sallustii
677 978 746 1047 vita,
759 982 816 1038 844.
833 999 900 1054 qnae
913 980 1087 1038 exhibentur
1100 979 1130 1036 in
1141 979 1285 1039 edit.Ven.

232 1086 280 1129 an.
306 1077 392 1130 1481.
435 1070 469 1126 14
493 1068 569 1128 fine:
592 1070 741 1127 ‘Veneriis
767 1088 819 1145 per
848 1073 1056 1131 Bernardinnrn
1084 1074 1235 1133 Berralinm
1257 1083 1288 1133 et

234 1164 338 1223 socios.
354 1179 632 1223 snccccmxxxv.
646 1163 694 1221 die
705 1178 828 1222 xxnu.
842 1164 960 1240 aprilis.’
974 1165 1088 1223 141-
1099 1167 1242 1228 Maittalr.
1256 1187 1288 1245 p.

233 1255 303 1322 746.
319 1257 428 1315 Panzer
440 1257 527 1314 Tom.
544 1271 600 1314 111.
614 1275 681 1333 pag.
698 1264 767 1317 222.

193 1378 234 1400 -
247 1351 282 1410 C.
296 1350 393 1428 Crispi
416 1351 545 1410 Sallustii
567 1352 675 1428 Opera.
716 1353 749 1410 ln
764 1350 838 1411 tine:
861 1352 998 1413 ‘Libello
1022 1352 1158 1430 inscripta
1179 1353 1288 1415 huiusi

233 1445 376 1523 quispiam
390 1465 507 1511 noscere
522 1455 611 1523 petat.
643 1445 739 1504 Primo
754 1446 895 1523 lugurtini
904 1447 998 1525 Crispi
1012 1448 1117 1508 Libros
1128 1450 1212 1520 duos,
1226 1449 1289 1509 eius

234 1562 297 1602 esse
310 1543 451 1618 attingere
465 1542 546 1600 sciat.
561 1541 709 1611 Secundo,
725 1542 895 1603 Orationem
906 1544 1039 1603 Catilinae
1053 1544 1248 1621 responsivarn
1259 1546 1288 1604 in

234 1638 277 1698 M.
292 1638 331 1698 T.
354 1639 534 1697 Ciceronem.
569 1636 681 1707 Tertio,
704 1637 798 1714 Crispi
822 1638 962 1716 lngurtini
985 1639 1117 1699 Oratoris
1139 1641 1289 1700 clarissimi

235 1731 343 1792 Vitam.
365 1735 487 1803 Quarto,
502 1732 629 1791 eiusdem
645 1733 741 1810 Crispi
756 1734 883 1794 Sallustii
901 1735 929 1792 in
945 1737 989 1794 Μ.
1004 1735 1043 1795 Τ.
1057 1735 1229 1795 Ciceronem
1243 1737 1290 1794 In·

236 1828 389 1888 vectivam.
412 1828 535 1897 Quinto,
551 1830 596 1887 M.
609 1829 648 1886 Τ.
666 1829 813 1888 Ciceronis
827 1830 854 1887 iu
868 1830 963 1907 Crispi
978 1830 1290 1909 lugnrtiniresponsio·

236 1942 313 1994 nem,
333 1924 395 1982 sive
420 1924 608 1994 Inventivam,
631 1942 698 2000 quae
721 1922 808 1982 tinem
830 1924 934 1983 eodem
947 1924 1046 1985 libello
1060 1925 1182 2001 prebet.
1223 1927 1288 1984 Hoc

236 2018 319 2077 Lucii
334 2019 465 2079 Catilium
490 2029 636 2096 gestorum
658 2028 747 2095 atque
770 2019 856 2087 Vita,
881 2017 1027 2092 lugnrtini
1051 2037 1171 2094 quoqne
1193 2020 1290 2098 Crispi

234 2132 322 2191 opus,
338 2115 499 2187 Mediolani
512 2116 681 2192 impressum
702 2122 745 2172 est
766 2114 823 2171 An.
846 2111 965 2169 Domini
980 2127 1226 2171 srccccnxxxv.
1242 2114 1289 2174 die
1407 2160 1410 2166 .

239 2224 285 2268 rv.
300 2210 407 2272 mensis
422 2210 663 2270 1044113141.-
676 2207 766 2269 Denis
786 2207 891 2284 Suppl.
909 2226 978 2285 pag.
994 2214 1063 2268 205.
1077 2207 1189 2267 Panrer
1200 2207 1288 2267 Tam.

238 2320 277 2364 11.
290 2324 356 2382 pag.
373 2314 421 2365 53.
859 2354 863 2364 .

202 2426 231 2447 ··
250 2419 272 2459 s.
286 2418 312 2457 4.
327 2400 347 2457 1.
362 2409 392 2458 et
404 2408 519 2478 typogr.
539 2401 604 2460 Fol.
627 2399 735 2477 incipit
754 2419 772 2459 4
792 2399 907 2458 uerbisr
928 2399 986 2457 ⁴0.
1000 2397 1097 2475 Crispi
1110 2396 1239 2458 Sallustii
1253 2398 1289 2457 de

238 2493 314 2552 bello
329 2494 500 2572 Iugurthino
515 2503 616 2557 contra
630 2495 769 2572 populum
784 2498 933 2554 romanum
947 2493 1022 2551 liber
1034 2491 1158 2552 feliciter
1170 2490 1292 2568 incipit!

238 2590 272 2647 ln
288 2588 345 2648 fine
356 2589 405 2647 fol.
419 2598 468 2650 40.
483 2610 511 2652 4.
542 2599 551 2624 ‘
566 2592 601 2650 C.
617 2591 711 2669 Crispi
728 2591 856 2651 Sallustii
878 2592 915 2650 de
937 2589 1014 2649 bello
1033 2586 1203 2666 iugurthino
1218 2585 1291 2645 liber

237 2684 361 2745 feliciter
373 2684 447 2744 finis.

398 2781 444 2840 De
459 2789 552 2841 morte
566 2782 685 2859 Iugurte
696 2780 821 2840 disticon

317 2875 376 2945 Qui
391 2877 471 2954 cupis
487 2877 625 2955 ignotum,
641 2878 758 2955 lugnrte
771 2896 892 2937 noscere
906 2875 1015 2934 leturn:

357 2971 483 3050 Tarpeie
496 2972 576 3049 rupis
590 2981 686 3031 trnsns
696 2972 735 3030 ad
749 2972 806 3031 ima
819 2971 896 3030 ruit!

241 3069 406 3128 1141414.
429 3069 487 3139 ⁴„C.
509 3068 605 3143 Crispi
623 3067 752 3126 Sallustii
775 3067 813 3125 de
836 3066 919 3125 Lucii
943 3063 1073 3125 Cataline
1096 3058 1291 3120 cornuratione

239 3162 313 3222 liber
324 3162 424 3222 felicif
439 3162 563 3239 incipit·'
582 3162 644 3221 Fol.
659 3161 709 3222 60.
730 3162 760 3221 b.
783 3170 793 3197 ⁴
809 3163 844 3221 C.
860 3161 955 3238 Crispi
969 3156 1095 3219 Sallustii
1109 3156 1147 3214 de
1160 3155 1291 3215 coniura-

241 3258 320 3317 tione
342 3257 465 3318 Catiline
488 3257 608 3317 feliciter
631 3254 714 3315 finis:
746 3256 834 3318 Char.
858 3255 940 3334 goth.
960 3253 1004 3313 nti
1031 3250 1145 3311 videtur
1172 3247 1292 3309 Martini

241 3353 379 3423 Flachem
392 3352 645 3431 Argentoratenris
659 3353 843 3432 typographi,
865 3350 951 3428 cnjus
970 3347 1115 3427 specimen
1128 3346 1158 3404 in
1172 3363 1211 3405 aes
1223 3342 1293 3402 inci-

242 3469 307 3510 sum
319 3451 439 3510 exhibet
457 3450 524 3509 Cat.
540 3449 680 3510 Biblioth.
704 3449 741 3509 de
766 3450 795 3508 14
815 3449 892 3508 Vall.
914 3449 1003 3508 Tom.
1027 3460 1082 3503 ιιι.
1097 3460 1164 3518 pag.
1183 3446 1293 3499 143.-

242 3542 353 3603 Panrer
364 3546 452 3604 Tom.
468 3561 490 3602 1.
505 3564 572 3621 pag.
589 3553 636 3614 89.
648 3564 694 3621 sq.

207 3665 236 3684 ..
255 3659 279 3696 s.
294 3657 321 3697 4.
336 3638 355 3696 1.
370 3647 400 3695 et
413 3648 528 3714 typogr.
543 3648 572 3697 4.
615 3639 722 3715 Incipit
736 3657 754 3696 a
766 3636 890 3711 Prologo
904 3633 971 3691 belli
984 3627 1153 3690 Catilinarii.
1186 3631 1220 3690 ln
1236 3628 1293 3690 tine

242 3734 294 3793 fol.
309 3743 358 3795 28.
373 3752 473 3791 versus
487 3739 556 3790 octo
570 3732 713 3808 leguntur,
729 3748 853 3807 qnorum
868 3726 1004 3787 ultimus:

322 3831 387 3889 itur
400 3837 432 3886 ut
446 3827 474 3885 in
488 3827 611 3898 facinus,
626 3836 655 3886 et
669 3826 748 3885 labat
762 3844 848 3885 omne
863 3822 966 3883 decus.

243 3926 307 3985 rot.
324 3931 373 3991 29.
388 3922 490 3999 incipit
515 3921 622 3981 bellurn
644 3920 862 3998 iugurthinum.
901 3917 935 3975 ln
948 3914 1026 3975 fine:
1049 3921 1058 3947 ⁸
1073 3914 1108 3973 C.
1122 3912 1218 3988 Crispi
1233 3908 1294 3968 Sal·

243 4018 321 4079 lustii
335 4017 373 4078 de
388 4017 465 4076 bello
479 4016 629 4094 Ingurtino
643 4014 716 4074 liber
738 4012 822 4073 finis:
860 4013 1027 4091 Sequuntur
1049 4025 1149 4066 versus
1168 4013 1294 4082 quatuor

244 4114 281 4172 de
294 4121 386 4172 morte
399 4111 561 4189 Jngnrthae,
576 4121 607 4170 et
620 4109 722 4170 decern
736 4107 796 4179 alii,
809 4124 933 4188 qnorum
947 4104 1055 4182 primus
1065 4123 1079 4163 r·

270 4209 390 4274 nepta
404 4207 538 4258 amem.
696 4205 795 4256 snm.
1180 4195 1229 4244 *Β
