2994 5040
273 337 340 404 ⁶72
551 344 560 397 .’
620 344 952 399 murmuratorum
978 344 1019 392 ru

272 495 381 546 eettiam
389 495 432 545 rel
442 491 581 544 Macetiam
593 496 662 541 teste
671 489 802 553 Hesycbio
840 495 915 538 erat:
932 488 1001 553 qood
1013 501 1100 551 regem
1110 487 1179 538 hauri
1187 486 1263 538 la'tnlt
1276 502 1284 537 a
1299 485 1374 538 toro·

272 570 403 621 dixerunt.
436 569 502 617 Vide
522 562 802 618 tamenBociartanrin
841 578 891 629 que
911 578 970 612 eum
990 565 1015 612 in
1037 564 1184 614 Numidiam
1206 563 1312 627 muniat,
1336 578 1369 615 na

273 661 322 703 sao
332 645 441 708 Plraleg.
451 659 493 694 ru.
505 650 530 694 t.
794 667 798 680 ·
836 641 936 703 judicio
953 641 1088 689 damnatus
1109 640 1281 700 occideretur,
1293 640 1370 703 regno

267 758 272 765 .
292 716 387 771 ‘auum
398 721 459 768 mulo
469 718 539 778 suma
555 724 578 768 el
590 719 661 768 timor
671 715 745 765 enimi
761 716 803 764 ine·
841 717 868 764 in
889 717 937 766 bne
957 717 1039 778 magis
1062 730 1137 780 quam
1155 716 1263 764 vadibus
1284 729 1373 765 conan-

268 795 393 862 peneto]
420 797 460 844 Ex
479 797 579 858 scripto
590 794 760 858 reposuimus,
774 791 804 839 ti·
841 795 963 842 leuarex.
996 791 1083 840 Vades
1104 798 1189 841 antem
1209 807 1225 840 a
1244 805 1305 852 rege
1324 803 1371 852 pro

273 887 324 922 nor
333 873 408 922 arisai
418 872 574 934 impedieiutp
591 869 660 935 quod
672 883 733 917 rere
752 869 805 916 Sal·
843 870 987 918 Bomilcare
999 869 1073 917 datos
1083 868 1288 931 intelligendum,
1302 866 1372 931 quod

275 947 422 998 iestianum.
437 950 520 1011 Supra
531 964 538 997 ι
563 949 572 975 ¹
583 947 661 997 timor
671 945 748 994 animi
760 958 803 993 au·
844 954 935 1008 postea
945 953 1045 1006 auctor,
1059 945 1105 993 ubl
1116 945 1239 993 Metellus
1248 944 1374 992 Bomilca-

276 1024 347 1074 ribus
357 1023 453 1074 officit?
470 1027 514 1086 Et,
532 1025 635 1086 frictus
650 1019 804 1071 animi.'1n·
843 1025 897 1070 rem
916 1021 949 1069 de
966 1022 1036 1082 regis
1046 1019 1191 1082 proditione
1202 1018 1324 1080 solicitat,
1334 1016 1372 1067 fa·

276 1098 333 1151 fra:
350 1100 420 1149 ‘Sed
432 1114 480 1148 nec
492 1100 549 1149 illos
567 1099 611 1162 qui
632 1096 722 1161 procul
736 1109 804 1143 mau-
843 1104 914 1147 tetur
923 1097 962 1145 bis
968 1096 1068 1146 verbis:
1080 1096 1087 1121 ‘
1100 1096 1184 1158 igitur
1192 1095 1372 1155 Bomilcarem,

268 1170 365 1227 serant
384 1176 546 1227 timoranimi
565 1175 626 1225 setis
644 1172 804 1222 muniverat!
844 1175 887 1239 qui
906 1175 999 1233 Romae
1013 1169 1072 1223 cum
1090 1175 1219 1237 Jrrgurtba
1237 1172 1333 1235 fuerat,
1344 1180 1373 1222 et

277 1253 343 1306 Post
363 1254 397 1303 de
418 1255 545 1303 Metello:
562 1251 628 1300 ‘Vir
643 1249 762 1312 egregius
777 1248 804 1297 in
842 1250 903 1299 inde
914 1251 1022 1299 vadibus
1040 1249 1108 1298 elatis
1121 1251 1154 1298 sle
1168 1250 1289 1298 Massivae
1308 1262 1372 1298 neee

277 1329 333 1380 aliis
353 1331 452 1381 artibus
467 1331 540 1379 nimis
550 1319 663 1378 molliter
673 1325 805 1391 aegritudi·
843 1326 909 1376 clam
918 1327 1045 1390 judicium
1063 1324 1176 1389 fugerat,
1195 1324 1263 1390 quod
1281 1325 1305 1373 ei
1326 1339 1373 1389 per

277 1421 338 1457 nem
348 1408 425 1457 animi
434 1406 506 1471 pati.’
516 1405 559 1455 Sic
570 1404 607 1452 ibi
617 1403 716 1465 legoex
727 1401 806 1464 scrip-
844 1401 981 1453 maximam
1008 1402 1146 1451 amicitiam
1168 1401 1278 1449 maxima
1298 1400 1376 1462 eopia

278 1482 320 1533 tis.
337 1483 473 1532 Petsclriar.
844 1477 1129 1540 intermisecuimus
1145 1475 1374 1540 pollicitationibus

309 1559 390 1608 aum
409 1558 589 1619 molestasset
607 1557 678 1605 timor
696 1555 805 1619 inpedic·
844 1553 1021 1619 aggreditur?
1048 1568 1107 1618 quae
1130 1553 1188 1601 ideo
1213 1551 1375 1613 adduximus,

269 1635 329 1699 iat]
344 1634 387 1695 Sic
399 1633 462 1683 Mas.
479 1633 593 1697 primarii
611 1647 717 1691 omnen
738 1637 806 1680 note
842 1631 912 1697 quoii
927 1630 968 1681 bie
979 1629 1102 1678 nonsatis
1112 1629 1194 1692 liquet
1205 1627 1265 1692 quid
1277 1625 1376 1676 referat

278 1704 426 1759 lieterrimre
436 1709 538 1757 etlimor
548 1709 632 1769 animi,
643 1707 806 1770 reltimorpo·
843 1705 907 1754 illud
919 1706 969 1769 pai,
988 1718 1046 1755 eum
1066 1704 1166 1768 inquit:
1188 1704 1197 1731 ‘
1210 1703 1254 1768 qui
1268 1703 1375 1752 Romam

274 1786 342 1849 pali:
362 1785 428 1833 scias
446 1791 584 1849 utrumque
602 1781 753 1847 figmemum
768 1782 807 1830 ia·
844 1781 896 1832 fide
913 1781 1018 1845 publica
1039 1786 1145 1829 uenerat
1156 1779 1171 1829 ι’
1187 1779 1376 1843 Jugrrrtbamae

278 1866 433 1924 terpretum.
451 1860 550 1909 Grates.
845 1872 879 1906 an
899 1857 1090 1906 Bomilcarem?
1107 1855 1204 1905 Badius
1226 1855 1259 1903 ad
1280 1856 1376 1918 Jugur-

275 1958 278 1961 ·
311 1935 403 1985 itinera
413 1949 562 1998 egressaque
572 1934 632 1997 eius]
658 1934 807 1983 lucinam.
845 1933 915 1984 tham
939 1933 1030 1983 refert.
1063 1934 1160 1981 Verum
1182 1939 1291 1996 propter
1313 1929 1376 1996 quid

275 2011 336 2061 ‘Et
354 2012 415 2075 quia
436 2010 508 2060 aditu
528 2011 640 2060 Neronis
658 2010 808 2073 prohibeba·
843 2024 877 2058 ea
887 2007 967 2058 rerba
977 2008 1094 2072 posuerit
1104 2015 1204 2070 auctor,
1219 2015 1324 2072 autquo
1336 2021 1376 2057 re·

279 2094 332 2149 tur,
342 2099 462 2150 egressus
473 2084 604 2149 obsideas,
614 2085 807 2135 audlretiusou·
844 2085 970 2149 ferantur,
987 2085 1013 2134 id
1030 2099 1091 2133 vero
1103 2084 1171 2132 band
1189 2084 1252 2151 satis
1263 2089 1377 2146 constat,

278 2162 348 2214 tent!
366 2163 445 2212 Circe.
844 2163 895 2213 nisi
911 2163 1083 2226 intelligamus
1102 2168 1130 2211 et
1149 2162 1320 2213 Bomilcarem
1336 2158 1376 2209 fu·

283 2304 286 2311 '
311 2237 426 2301 filumque
458 2237 593 2301 obtruncat]
619 2235 809 2299 Manuaeripla,
844 2238 895 2288 isse
905 2237 931 2287 iu
941 2237 992 2287 fide
1003 2238 1118 2303 publica,
1135 2251 1210 2302 quam
1223 2244 1308 2286 tamen
1321 2235 1375 2285 fae·

279 2315 460 2365 consentiente
487 2313 650 2375 Beroaldino,
678 2313 746 2362 ware
770 2311 809 2361 ob·
845 2314 1025 2379 tobostili‚‘ut
1042 2314 1139 2364 dictum
1157 2321 1206 2376 est,
1224 2313 1376 2364 violaverat.

277 2392 372 2441 inm
380 2406 389 2447 ί
398 2390 676 2454 omiuawnjtlnclione
687 2403 737 2451 tte·
750 2389 808 2438 Riv·
847 2392 906 2443 Nee
916 2393 984 2441 enim
994 2392 1077 2440 minus
1094 2390 1186 2455 quibus
1203 2390 1289 2450 datur,
1301 2403 1378 2452 quam

289 2483 296 2491 ·
312 2466 418 2530 Sedipee
432 2467 587 2531 deprebensae
598 2464 680 2515 mabit
694 2462 810 2513 bonesti·
848 2469 891 2534 qni
901 2468 973 2528 dent,
983 2483 1041 2517 eam
1052 2466 1150 2516 irritam
1160 2463 1248 2516 faeere
1260 2471 1377 2528 possunt,

280 2542 333 2607 ias]
349 2543 416 2593 Vide
427 2550 456 2592 nt
467 2544 600 2607 acceperit
613 2541 676 2591 iilud
695 2540 811 2590 Mariti·
848 2546 916 2610 quod
935 2545 1076 2594 etiamnum
1096 2549 1188 2593 nostra
1199 2548 1277 2592 aetate
1294 2554 1380 2590 serva·

279 2620 423 2677 amoene
436 2618 809 2682 projabmibaraecogeatlbue.
847 2629 897 2671 tur.
930 2622 1028 2671 Verum
1050 2634 1083 2669 ne
1107 2621 1156 2669 boe
1181 2619 1286 2682 quidem
1313 2617 1376 2666 satis

272 2708 369 2745 uerum
390 2695 418 2742 id
436 2694 565 2755 pusillum.
590 2693 666 2744 Quod
687 2693 809 2741 continno
846 2696 1020 2758 perspicuum,
1040 2695 1152 2743 vadesne
1176 2693 1295 2743 Numidae
1323 2691 1379 2741 fue·

278 2768 404 2832 sequntur,
422 2769 553 2829 ingentem
575 2766 654 2815 babet
671 2765 809 2817 difficulta·
846 2768 907 2829 rint,
918 2783 951 2818 au
962 2769 1083 2819 Romani.
1099 2772 1156 2820 ‘Ex
1166 2768 1271 2831 amieis:
1283 2768 1377 2833 inquit,

280 2850 343 2907 tem,
355 2857 412 2891 cum
423 2842 524 2905 inquit:
543 2841 586 2891 Fit
606 2856 660 2890 reue
680 2842 759 2903 maga
778 2857 809 2890 ec
846 2844 1281 2910 ‘quinquagintuedesdederat!
1310 2843 1378 2892 Dein

272 2933 344 2982 epae
360 2922 384 2967 et
405 2916 473 2979 bono,
494 2932 563 2980 prtum
582 2933 613 2966 ex
626 2917 682 2978 jure
701 2919 809 2979 gentium
846 2919 909 2969 illud
931 2920 1137 2969 obscurissimum
1161 2928 1203 2969 est
1225 2918 1295 2984 qrrod
1323 2921 1377 2969 alt:

280 2993 402 3044 Bomilcar
420 3007 495 3041 eomer
513 2995 571 3055 ejas,
589 2994 631 3056 pul
648 2995 748 3042 Romam
757 2994 810 3060 side
846 2996 950 3059 ‘Igitur
967 3011 1119 3060 quamquem
1136 2997 1162 3045 in
1178 2997 1264 3060 priore
1276 2995 1380 3045 actione

278 3068 372 3134 publico
383 3073 486 3119 meret.
499 3070 809 3134 Commentatoresexpo-
847 3087 880 3122 ex
892 3072 990 3135 amicis,
1000 3076 1059 3122 &cst
1091 3074 1160 3122 Nam
1180 3073 1201 3122 si
1219 3073 1252 3121 de
1263 3071 1381 3121 Memmii

281 3147 404 3210 nnut‚jus
414 3145 528 3209 gentium
540 3160 606 3208 esse,
618 3144 810 3209 propterlidem
844 3149 958 3211 actione,
976 3164 1029 3213 qna
1047 3149 1201 3212 Jugurtham
1218 3148 1244 3198 in
1254 3147 1379 3211 judicium

280 3222 410 3286 publicam
421 3222 517 3281 datam,
528 3227 557 3271 ut
565 3221 582 3271 J
585 3222 695 3285 ugurtha
703 3237 760 3272 cum
770 3237 810 3272 eu·
847 3226 936 3288 traxit,
948 3225 1078 3289 iutelligit,
1087 3225 1148 3289 quid
1158 3225 1190 3273 ad
1199 3223 1381 3285 Bomilcarem,

280 3297 307 3348 ia
324 3312 374 3352 uon
392 3300 553 3351 violat-etur:
572 3313 635 3361 ergo
650 3313 710 3350 enm
726 3299 811 3363 puniri
847 3318 895 3366 pro
905 3317 965 3369 quo,
974 3317 1028 3352 non
1036 3317 1083 3365 pro
1093 3301 1232 3366 Jugurtbu,
1244 3297 1322 3348 vades
1334 3297 1378 3346 da·

279 3387 331 3425 non
350 3374 457 3437 debere,
478 3372 524 3438 sed
547 3373 573 3421 in
590 3373 759 3423 locumsuum
771 3389 810 3424 re·
847 3379 867 3428 ti
878 3385 946 3440 aaut,
964 3393 996 3427 ee
1015 3377 1127 3427 attinet?
1148 3377 1228 3426 Totus
1244 3372 1377 3439 igiturbic

257 3487 259 3490 ι
280 3456 435 3513 reiteretur,
447 3463 477 3497 ae
488 3448 581 3497 deinde
590 3448 644 3511 juri
653 3449 791 3500 sisteretur
802 3465 810 3512 3
847 3454 918 3504 locus
935 3467 995 3503 cnm
1009 3451 1109 3515 judicio
1122 3451 1255 3512 legendus,
1268 3464 1318 3514 quo
1329 3462 1378 3512 ego

281 3541 339 3590 qua
349 3525 477 3589 expositio
487 3524 548 3573 nribi
560 3538 664 3588 prorsus
680 3525 810 3589 displicet.
848 3544 890 3579 me
902 3529 1013 3579 noudum
1024 3529 1135 3591 explico.
1153 3529 1267 3575 Glareon.

281 3600 568 3654 Puteenimauctorem
579 3598 811 3675 lenedicerprelle,
881 3602 1170 3668 Indieiamprofiterrtar]
1196 3601 1279 3650 Tacit.
1291 3615 1318 3652 v.
1335 3600 1382 3650 ‘et

282 3674 385 3740 qnando
399 3676 528 3725 Bomilcar
545 3675 687 3739 contrajas
697 3677 811 3738 gentium
852 3695 977 3731 summum
990 3678 1143 3742 supplicium
1153 3675 1272 3740 parabat,
1290 3675 1316 3723 ῃῐ
1326 3688 1383 3738 pro.

281 3758 445 3814 peccaverat,
466 3760 493 3800 et
510 3750 587 3800 fidem
599 3751 728 3814 publicam
739 3749 811 3800 facto
848 3754 932 3806 fessus
944 3754 1069 3803 indicium
1083 3751 1170 3801 foret?
1202 3751 1338 3800 Suetonius
1354 3750 1381 3800 in

276 3827 383 3878 irritam
393 3824 502 3887 fecerat,
518 3827 613 3891 qnippe
624 3828 667 3892 qui
678 3825 812 3891 perfugam
848 3831 950 3881 Domit.
960 3844 984 3880 c.
998 3833 1038 3879 lt.
1044 3830 1054 3896 .‘
1068 3824 1206 3877 Professus
1215 3824 1383 3890 conspiratio·

281 3906 424 3968 occiderat,
433 3909 461 3953 et
471 3918 576 3966 prorsus
583 3906 685 3954 bestilia
695 3903 811 3966 feceratt
849 3908 889 3957 nis
899 3908 1032 3968 indicium,
1048 3911 1076 3953 et
1088 3904 1121 3952 ob
1133 3904 1181 3953 hoc
1192 3902 1327 3958 admissus,
1344 3901 1381 3947 ie·

282 3988 369 4032 lamen
379 3979 517 4032 elementia
532 3994 563 4028 ac
584 3980 746 4041 benignitate
762 3982 813 4030 Ro·
851 3984 922 4046 genti
932 3982 1055 4032 traditum
1067 3996 1118 4030 ase
1130 3980 1257 4030 libellum:
1280 3983 1308 4026 et
1317 3979 1384 4024 atto-

279 4069 552 4120 mammemque
569 4061 596 4104 et
615 4054 691 4114 bono,
702 4055 751 4104 boc
762 4061 813 4119 est,
850 4060 907 4110 nito
927 4057 1035 4110 suffodit
1055 4057 1176 4122 inguina!
1219 4041 1381 4103 Plinium

277 4134 412 4198 equitans
423 4133 609 4184 cousuetudine
623 4133 702 4198 magis
712 4134 743 4183 tit
754 4148 814 4183 reus
851 4136 936 4201 Epist.
956 4135 989 4184 ad
1011 4136 1156 4200 Nepotem:
1173 4127 1292 4178 ‘musso
1309 4125 1379 4191 apud

280 4210 425 4275 anutium
439 4207 813 4277 gentiumquijanjudicatus
851 4213 996 4278 Claudium,
1015 4211 1090 4263 uxori
1104 4204 1243 4271 Scribonii,
1259 4218 1317 4255 cnm
1333 4203 1380 4254 ilia
