3000 5040
461 355 611 416 aasnnu
634 357 822 407 runnarn.
846 357 949 411 cun.
973 343 1026 409 19.
1228 342 1297 412 Mb

196 498 265 548 haurd
276 500 365 563 procul
378 499 411 548 ab
423 498 557 548 ardoribus
566 498 582 560 ς’
598 499 624 548 in
637 513 727 562 parcn-
764 499 887 560 nonnulli,
895 508 923 548 et
934 501 972 550 ita
984 500 1201 562 interpretantur:
1219 500 1295 554 atam

199 576 266 625 thesi
287 577 349 638 legit
366 577 466 636 Soldus,
486 585 564 625 recte.
596 577 632 624 Et
652 576 726 635 illud,
764 584 791 625 et
802 576 927 639 Armenii,
940 580 982 642 qui
994 580 1043 627 sibi
1056 579 1153 642 Libyes
1171 578 1295 643 adjunxe-

199 651 234 712 lu',
256 658 315 700 ante
334 652 430 715 propius
453 651 542 713 Libyas
568 649 659 711 refert,
682 651 726 715 qui
764 661 833 714 runt,
851 654 974 704 minorem
995 654 1057 704 belli
1079 656 1185 718 gloriam
1204 655 1295 719 adepti

199 725 309 776 Getulis
327 726 506 776 conferuntur:
532 731 560 775 at
581 725 644 773 illud
663 727 727 774 alte-
765 736 920 792 snut,quam
940 729 1068 790 Numida,
1081 730 1124 793 qni
1139 743 1166 777 se
1183 729 1295 779 Getulis

199 817 265 863 rrum,
283 803 359 866 hique,
379 804 446 867 quod
473 809 534 865 post
560 803 727 865 parenthesin
766 819 813 867 per
824 804 951 853 connubia
962 805 1102 853 miscuere:
1120 806 1238 868 quoniam
1251 802 1295 854 Lt-

199 880 311 943 pouitur,
326 878 404 928 refert
415 880 499 928 Medus
509 885 580 942 atque
593 880 729 928 Armenios.-
765 879 829 943 byes
838 880 922 928 minus
931 879 1044 928 bellicosi
1058 886 1139 938 erent,
1147 889 1223 942 quam
1234 878 1294 929 Ge·

198 955 439 1019 quodBadins,qui
456 963 516 1017 post
533 955 727 1017 Soldnmscrip-
766 956 827 1014 ruti;
855 954 912 1014 sed,
933 962 962 1004 nt
988 956 1088 1017 opinor,
1108 955 1242 1004 Sallustius
1259 955 1293 1005 (lc

196 1031 239 1091 sir,
255 1044 305 1078 non
319 1030 451 1087 advertit.
484 1032 646 1095 Quemquam
665 1030 728 1081 illud
765 1032 881 1095 utrisque
894 1033 1022 1092 Numidis,
1042 1046 1091 1081 non
1104 1032 1136 1080 tle
1149 1032 1247 1081 Mauris
1258 1033 1294 1081 lo-

178 1135 180 1139 ·
196 1109 278 1158 lector
297 1108 416 1159 fortassis
431 1108 511 1170 magis
530 1109 650 1168 miretur;
668 1123 728 1157 cum
764 1107 866 1171 quitur;
884 1122 964 1171 quare
973 1109 1084 1170 priorem
1097 1109 1234 1157 lectionem
1244 1121 1297 1159 ma·

197 1184 324 1234 Persarum
343 1199 436 1234 nomen
454 1185 479 1233 in
497 1184 663 1246 Numnam,
674 1185 728 1233 Me·
765 1185 804 1246 gir
816 1184 912 1246 probo:
931 1182 1057 1247 adjurent
1072 1186 1151 1233 etiam
1170 1184 1297 1248 interpre-

195 1261 279 1308 rlerem
288 1260 313 1308 in
325 1260 464 1311 Maurorum
475 1268 660 1309 commutatum
671 1259 728 1309 sne·
765 1260 888 1308 tationem
910 1268 1023 1309 nostram
1044 1262 1179 1325 sequentia
1197 1261 1296 1311 verbs:

198 1336 241 1394 rit,
257 1335 354 1400 inquid
368 1337 533 1385 Armeniorum
551 1336 585 1384 sit
602 1343 728 1385 mutatum
765 1335 901 1400 ‘Denique
913 1335 1011 1384 Africae
1023 1344 1133 1399 partem,
1142 1352 1199 1401 quse
1211 1343 1252 1387 est
1262 1337 1296 1386 sd

197 1423 298 1460 numen.
331 1410 382 1458 Sed
402 1410 560 1471 credentium
572 1411 728 1472 est,velab·
764 1424 834 1458 mare
845 1417 969 1473 nostrum,
986 1426 1036 1460 nou
1048 1427 1106 1475 quas
1118 1412 1151 1461 nd
1162 1412 1296 1462 meridiem

108 1507 112 1511 -
194 1486 269 1549 jecta
290 1485 373 1549 prims
395 1485 503 1548 syllaba,
520 1499 580 1533 cuns
602 1486 682 1535 Medis
702 1486 728 1534 in
766 1485 867 1547 vergit!

200 1562 299 1610 Maeror
307 1560 463 1609 concessisse
472 1561 608 1616 Amneniore
625 1568 670 1610 aut
678 1575 730 1611 non
799 1561 902 1620 Inferior
911 1565 1019 1626 pleraque
1037 1580 1052 1612 a
1071 1564 1184 1613 n'ams'tn
1191 1577 1296 1628 possessu

198 1635 336 1684 admodum
347 1641 447 1684 certem
461 1636 536 1696 hanc,
546 1635 616 1698 quod
628 1642 656 1684 et
671 1650 730 1685 auc·
766 1637 812 1700 est]
828 1639 897 1687 Illud
912 1640 1011 1698 inferior
1029 1642 1120 1690 Soldus
1137 1640 1296 1704 exponit'de
1360 1689 1366 1697 ,

201 1715 242 1758 tor
264 1709 365 1768 asserit,
386 1723 444 1757 esse
466 1709 608 1758 historiam.
651 1711 732 1760 Varia
767 1722 921 1776 parteque
933 1715 1013 1775 magis
1032 1716 1057 1762 in
1075 1718 1176 1778 plagam
1189 1717 1296 1765 Austra-

199 1785 348 1848 hujnsmodi
360 1794 448 1834 nostra
464 1786 603 1835 etiamnum
615 1793 693 1835 etate
705 1788 730 1836 in
768 1790 818 1837 lem
839 1789 1009 1850 descendens,
1029 1791 1160 1839 meridiem
1181 1792 1297 1855 respicit.

200 1861 325 1912 Gentium
338 1861 480 1910 nominibus
491 1861 642 1922 invenimus,
657 1869 687 1911 ut
703 1864 731 1912 id
767 1865 823 1927 Ego
846 1877 905 1912 vero
926 1872 990 1926 puto
1008 1863 1168 1915 referendum
1186 1880 1242 1916 esse
1262 1867 1296 1916 ad

200 1939 271 1987 nullu
283 1945 361 2000 pacto
373 1937 653 2002 mirnmvideriqueut.
672 1938 731 1988 Glu-
767 1954 867 1988 cursum
884 1938 1014 1988 fluminum
1027 1939 1268 2005 distemperas
1280 1957 1297 1992 a

200 2027 294 2062 rennes.
766 2015 873 2064 meridie
885 2017 910 2064 in
921 2016 1126 2077 Septentrionem
1138 2025 1254 2079 currunt,
1266 2024 1298 2066 ut

134 2098 142 2113 ·
232 2089 480 2152 deportenNunidoe
495 2089 596 2152 samse]
613 2089 729 2140 Attius·
766 2090 892 2154 Bagrada,
909 2090 1048 2154 Ampsaga,
1067 2092 1200 2153 Mulucha,
1217 2100 1245 2140 et
1258 2106 1298 2140 re-

200 2165 364 2214 rnidioerrrnro.
397 2166 448 2214 Sed
469 2166 605 2228 legendum
625 2176 729 2217 conteu-
766 2167 845 2230 liqna.
880 2169 1033 2230 Quanquam
1053 2166 1298 2228 potestetiuferior

199 2241 291 2300 dimus,
303 2243 428 2304 deportes
440 2242 550 2292 Numida
564 2247 661 2306 propter
672 2244 729 2291 usal·
765 2243 882 2305 intelligi,
894 2258 953 2306 quae
966 2242 998 2290 ad
1010 2256 1129 2291 occasum
1141 2248 1189 2302 sst,
1202 2248 1231 2289 ut
1241 2242 1299 2290 Cae·

197 2317 336 2366 titudinem:
355 2326 459 2367 notarat
470 2305 530 2367 ve'ro
543 2318 644 2381 quidam
656 2331 729 2365 rora·
767 2320 904 2367 sarieuseru
914 2333 1015 2381 quoque
1034 2318 1216 2366 Mauritaniam
1229 2332 1299 2366 com·

201 2392 287 2441 bulum
309 2392 421 2442 Numidae
443 2410 460 2442 e
483 2408 559 2442 nomo
580 2393 730 2442 deductum.
768 2395 908 2456 plectatur.
942 2394 1008 2442 Nam
1030 2408 1061 2442 eo
1082 2394 1206 2458 Syphacis
1227 2394 1299 2456 regio

203 2469 348 2517 Cretonius.
769 2468 928 2530 pertinebat,
940 2483 1016 2530 quam
1027 2470 1165 2517 Masinissa
1176 2485 1191 2517 a
1209 2470 1299 2518 Roma·

234 2546 348 2594 Numida
365 2545 470 2607 nomine]
487 2545 571 2595 Credo
589 2545 732 2594 hominibus
769 2542 808 2590 nis
825 2549 915 2605 postea
934 2541 1038 2591 habuit:
1055 2543 1149 2604 etipse
1165 2544 1300 2594 Sallustius

202 2622 254 2671 tide
274 2623 357 2686 dignis
374 2621 561 2671 affirmantibus
579 2625 605 2671 iu
624 2625 732 2687 antiquo
769 2620 846 2681 pasto
858 2626 917 2681 post
928 2618 1042 2666 dicturus
1053 2629 1105 2668 est:
1118 2620 1297 2670 ‘EtNumidas

201 2699 267 2765 libro
290 2700 366 2748 Norno
387 2713 452 2761 esse,
471 2713 522 2747 non
544 2700 643 2760 nomine,
661 2697 731 2762 quod
769 2708 849 2757 usque
865 2694 897 2742 ad
909 2692 1002 2744 tlumen
1023 2695 1170 2744 Mulucham
1190 2697 1237 2744 snb
1249 2696 1297 2747 Jn·

202 2779 297 2825 rectius
310 2776 420 2825 videtur.
453 2777 585 2824 Manutius.
767 2772 860 2834 gurtha
880 2776 971 2821 erant!
1011 2772 1082 2821 Mala
1098 2781 1185 2822 autem
1202 2772 1297 2822 flumen

233 2853 349 2902 Prasiane
370 2853 538 2914 contagium
554 2854 668 2902 Numidia
689 2867 731 2916 ap·
768 2862 848 2910 prope
866 2848 1024 2908 Mulucham,
1039 2848 1108 2910 apud
1126 2850 1297 2897 Ptolemaeum

200 2930 441 2995 pelleturlFrontc
467 2945 493 2978 ru
520 2931 650 2988 Proxima,
678 2930 728 2978 sic:
767 2923 1127 2984 duasseparutMauritanies.
1144 2924 1300 2985 sanequaa·

204 3006 316 3054 Proxima
328 3006 496 3067 Carthaginem
503 3007 618 3055 Nuntium
628 3007 730 3068 appelle·
768 3016 845 3065 quam
856 3001 991 3049 Sallustius
1002 3008 1100 3061 praetor
1109 2999 1134 3045 in
1143 2996 1235 3045 Africa
1243 2995 1299 3045 fue-

101 3109 105 3116 ·
203 3087 253 3129 tar.
287 3081 370 3130 Idem.
768 3076 813 3136 rit,
831 3077 912 3122 mrdta
930 3082 1016 3123 tamen
1036 3073 1196 3135 negligenter
1215 3072 1247 3120 de
1267 3087 1299 3121 ea

237 3154 356 3215 illagislri
371 3155 402 3201 ad
421 3159 522 3202 meram
540 3170 602 3203 usare
619 3169 732 3217 praeme-
768 3150 903 3211 scripsisse
925 3149 1034 3207 ridetur,
1046 3162 1104 3211 qnae
1122 3147 1154 3196 ad
1165 3148 1222 3195 loca
1239 3148 1299 3196 atti·

201 3234 268 3291 rant,
286 3230 342 3291 quin
358 3229 453 3291 libyes,
464 3245 532 3291 quarn
547 3230 646 3291 Gaetuli,
656 3229 733 3279 mim
768 3231 842 3283 nent,
853 3224 922 3287 quod
934 3225 960 3271 in
973 3223 1158 3284 posterioribus
1177 3224 1298 3272 ostende·

202 3307 317 3369 bellicosi]
335 3307 465 3364 Numidas,
482 3308 575 3369 inquit,
595 3307 639 3369 qui
655 3306 732 3355 domo
770 3314 833 3347 mus.
869 3299 944 3350 Quod
957 3298 1027 3347 etde
1040 3299 1111 3347 Livio
1124 3299 1148 3346 iu
1160 3297 1299 3349 Annotati·

202 3383 309 3446 digressi
322 3382 438 3445 proxime
453 3383 632 3443 Carthaginem
645 3396 732 3430 conse·
770 3374 861 3422 onibus
883 3373 984 3435 nostris,
1011 3375 1121 3423 maxime
1142 3376 1168 3423 in
1194 3375 1299 3425 tertiam

204 3459 273 3520 ders,
290 3459 415 3521 majorem
439 3456 498 3505 betti
518 3457 624 3518 gloriam
644 3456 732 3519 adepti
770 3450 879 3499 Decsda
896 3465 946 3499 non
958 3452 1037 3500 semel
1053 3450 1189 3516 conquesti
1204 3466 1299 3503 snmus.

203 3532 512 3598 runt,quouian1fncilius
533 3534 627 3596 Libyes
647 3537 731 3598 prosti-
771 3528 842 3576 (ΗΜ.

203 3625 265 3672 mos,
273 3611 315 3674 qni
323 3611 405 3658 miuus
418 3609 533 3658 bellicosi
540 3617 623 3672 erant,
629 3625 732 3675 supera·
802 3606 870 3655 Cur.
883 3610 914 3655 1⁰
931 3607 1064 3671 Pboenicer]
1081 3606 1225 3669 Phoeuices,
1236 3623 1299 3672 qno·

204 3693 305 3733 verunt.
334 3684 453 3734 Numidae
474 3701 546 3745 vcro,
566 3688 610 3750 qui
629 3687 733 3736 interio·
769 3682 803 3731 ad
826 3697 919 3731 nomen
944 3690 972 3731 et
993 3683 1104 3745 lingnam
1131 3696 1189 3730 eum
1211 3681 1300 3730 Poeais

205 3775 260 3807 rem
282 3759 395 3808 Africam
423 3761 583 3822 habitabant,
611 3763 733 3809 minorem
770 3759 846 3808 iidem
859 3765 927 3807 suut.
960 3760 1027 3808 Nara
1043 3758 1110 3807 idern
1130 3773 1235 3822 prorsus
1255 3770 1300 3804 no·

204 3833 255 3884 sihi
265 3835 373 3896 gloriam
383 3835 520 3885 addidere:
534 3838 630 3900 quippe
642 3837 733 3900 quibus
770 3851 829 3885 men
846 3835 926 3884 sauls
937 3841 965 3884 et
975 3834 1062 3898 Φοίνιξι
1080 3851 1137 3885 narn
1156 3841 1185 3884 et
1197 3829 1301 3881 Phaeni-

206 3927 247 3961 res
269 3918 328 3960 erat
347 3925 405 3960 curn
425 3912 541 3974 Getulis,
560 3916 603 3976 qui
627 3928 677 3961 non
697 3913 734 3962 ita
770 3928 815 3962 ees
838 3913 926 3976 populi
949 3913 1100 3976 quibusdam
1127 3911 1190 3960 dicti
1212 3903 1301 3955 nond:

206 3986 281 4036 facile
292 3986 377 4049 subigi
388 3995 518 4049 poterant.
542 3989 571 4036 ln
585 4004 635 4038 nno
647 3998 734 4038 tamen
771 3991 810 4038 Ex
823 3997 875 4054 quo
892 3988 976 4048 Poeni,
991 3990 1034 4053 qai
1052 3989 1152 4051 origiue
1165 3980 1302 4031 Pnoeatces

207 4062 660 4127 eanostrisexemplaribuslegitur:
678 4065 733 4113 Mu·
771 4072 852 4114 erant.
896 4064 1034 4112 inaerari
1058 4059 1301 4120 inscriptioneest:

205 4135 419 4202 gisqaumisi,qar'
437 4141 469 4187 nd
488 4154 551 4188 mure
568 4145 734 4204 rostrumpro·
775 4141 867 4189 Besso
881 4135 1065 4198 Pou1c10,id
1078 4138 1128 4189 est,
1141 4127 1256 4178 Punico:
1273 4135 1321 4194 ut¹
1404 4200 1409 4208 ·

207 4221 336 4286 tenerur
352 4230 429 4280 quam
440 4215 580 4264 lectionem
591 4223 735 4282 sequnntur
772 4213 847 4276 sebit
871 4210 994 4262 murras
1013 4211 1099 4272 lingua
1116 4205 1214 4256 Punica
1232 4205 1301 4273 apud

273 4295 396 4360 θαῦμά
416 4294 472 4360 Vas.
492 4296 558 4347 Clas.
718 4289 816 4346 satam
1174 4285 1237 4340 Ηί
