3000 5040
196 342 264 412 478
545 352 652 404 uuum
675 352 879 405 vsu1ouuu
902 355 944 406 ru

196 497 344 561 murchin,
354 497 494 548 Fortunata
505 495 619 558 tntum
632 498 725 554 uoiluit
798 498 846 550 Ubi
855 501 887 549 od
895 499 1065 560 defuerim
1074 501 1138 567 opes]
1169 500 1291 555 Nuceria.

196 578 358 628 urseruorel
395 573 480 638 Atque
491 573 582 623 eadem
595 575 725 623 incuicsut
763 575 833 637 prius
849 576 947 636 babuit,
962 576 1140 642 defendendam,
1151 585 1180 628 ut
1196 578 1292 630 reien-

197 649 354 713 Porpuyrius
382 655 409 699 et
437 649 572 701 Plutarch.
615 651 725 700 Ratione
764 652 1150 715 tursduudsciom‚necmaie;
1174 656 1313 718 Μίαν

195 727 305 790 mystica
328 740 430 789 quicque
450 741 509 773 esus
528 726 659 790 ssuguinis
679 726 725 777 Ju·
762 729 1038 791 dereuotetproisibere.
1072 730 1177 780 Gruter.

194 801 482 864 dtisprobibitusfuit.
518 803 588 868 Tbys.
795 802 877 853 stus
896 809 1011 863 recesset,
1022 806 1094 853 multo
1105 807 1294 868 pulcherrumus

226 879 377 929 Positouute
396 882 419 928 ιἰι
438 882 480 929 boc
499 880 683 930 ordisedeus'tu
700 883 725 929 et
762 893 813 928 ecus
829 895 871 928 sos
886 880 1030 943 usitamus]
1063 881 1295 933 Voiuruchabri·

194 955 403 1018 merismu]
437 954 673 1016 labosords'ne,uou
684 958 725 1002 est
763 954 873 1016 sianum,
883 955 912 1005 Si
929 957 966 1004 itu
981 962 1055 1013 met,-
1079 971 1127 1007 uec
1139 959 1245 1008 additur
1255 955 1294 1008 ibi

194 1034 608 1098 iuimpressisquibusdsm,iicet
628 1035 654 1083 iu
673 1046 725 1082 ms·
761 1047 806 1081 res.
848 1033 934 1097 Atque
956 1034 1004 1083 boc
1027 1032 1102 1082 modo
1123 1035 1203 1084 etiam
1225 1033 1292 1084 Aur.

194 1113 329 1175 uuscripto
341 1112 383 1161 sit.
419 1111 512 1160 Rivius.
761 1106 922 1172 Augustinus
942 1110 967 1159 iu
991 1125 1014 1158 v.
1024 1109 1057 1158 de
1069 1111 1184 1160 Ciuitate
1194 1111 1245 1158 Dei
1257 1109 1294 1160 ci·

228 1186 466 1248 Fulsossistssross]
494 1187 560 1235 esto
575 1185 663 1249 rigide
674 1184 725 1233 vir-
761 1190 818 1245 tst;
842 1194 980 1250 utrumque
996 1192 1082 1234 autem
1103 1194 1177 1237 recte
1188 1186 1294 1250 dicitur,

194 1264 258 1314 tutis
270 1264 404 1326 exemplar
416 1261 549 1310 meliorum
560 1260 724 1324 Philosopbo-
760 1260 794 1309 sic
812 1266 855 1319 est,
873 1267 901 1308 et
918 1262 954 1308 sic
969 1274 1007 1308 res
1025 1266 1069 1323 est,
1085 1261 1158 1310 obrue
1180 1259 1240 1322 ἔχει,
1263 1268 1292 1311 et

194 1355 251 1390 rum
268 1342 421 1390 sententium
441 1340 573 1401 ampiexus
584 1345 633 1398 est,
645 1338 723 1387 animi
760 1343 870 1399 utroque
885 1336 1021 1385 Terentius
1037 1336 1064 1384 iu
1082 1336 1183 1387 Andria
1200 1339 1292 1388 utitur.

193 1417 420 1474 immortalitatem,
431 1422 457 1461 et
476 1420 534 1475 post
553 1420 722 1462 mortemue·
760 1410 853 1460 Rivius

193 1491 268 1540 iestis
278 1491 371 1554 gaudia
384 1491 422 1538 vei
435 1488 575 1538 inferorum
594 1489 722 1552 supplicia
791 1486 926 1548 Industrio]
958 1487 1079 1539 Donatus
1096 1488 1235 1537 masurius
1252 1487 1291 1537 iu·

192 1579 258 1614 esse.
298 1565 410 1627 Egregie
430 1565 544 1614 Seuecu:
567 1565 649 1613 ‘tuuc
670 1564 722 1612 sui·
759 1568 919 1626 terpretatur
940 1563 1073 1614 scientium
1099 1572 1127 1613 et
1154 1563 1290 1628 providen-

191 1653 248 1689 mus
258 1647 347 1688 noster
362 1641 478 1700 habebit,
491 1641 559 1704 quod
580 1641 724 1704 gratuletur
759 1639 829 1688 tiam.
863 1640 909 1689 Est
925 1646 1011 1689 sutem
1021 1637 1290 1703 industria,iugeuium

191 1714 252 1774 sibi,
273 1730 332 1765 cum
355 1717 462 1765 emissus
484 1715 606 1778 tenebris,
630 1716 722 1780 quibus
759 1714 878 1777 siveris,
900 1730 951 1779 qua
969 1716 1002 1765 ad
1024 1714 1119 1779 aliquid
1140 1714 1290 1764 struendum

191 1790 392 1853 voluutur‚uon
408 1791 480 1841 tenui
501 1792 556 1840 risu
576 1793 646 1842 cisra
665 1806 722 1855 pro·
758 1804 842 1838 sumus
854 1790 948 1841 idonei.
982 1792 1072 1841 zonat.

135 1924 145 1937 ,
191 1868 317 1929 spexerit,
327 1868 371 1916 sed
393 1875 475 1918 totum
494 1868 562 1918 diem
580 1868 723 1931 admiserit,
793 1866 887 1914 Publice
907 1868 1044 1930 egestatem]
1077 1867 1151 1918 Idem
1172 1869 1289 1931 queritur

190 1948 218 1991 et
228 1943 345 1993 redditus
357 1947 423 1992 coeio
440 1944 528 2002 fuerit,
546 1961 604 1994 cum
616 1958 721 2008 recepe·
759 1939 850 1990 Cicero
878 1941 911 1990 de
938 1942 1111 2005 Haruspicum
1139 1943 1288 2004 responsis:

190 2013 328 2079 ritiocum,
344 2033 419 2080 quem
431 2019 570 2081 occuparit
586 2026 656 2068 sorte
666 2034 721 2067 uss-
756 2016 895 2064 ‘erarium
914 2017 1010 2065 uultum
1031 2024 1089 2065 est:
1114 2018 1288 2080 vectigalibus

190 2092 282 2141 ceudi:
318 2107 417 2140 sursum
438 2093 509 2140 ilium
532 2100 626 2141 vocant
646 2093 719 2140 initia
756 2104 808 2137 nou
818 2088 949 2150 fruuntur,
961 2091 1002 2153 qui
1021 2091 1201 2140 redemerunt:
1227 2107 1288 2143 auc·

189 2167 251 2218 rus!
284 2168 416 2217 incudem
427 2168 557 2217 sententia
573 2166 719 2217 fuere'iba·
755 2168 1004 2232 toriusPrincrpum
1014 2170 1126 2219 cecidit:
1145 2185 1286 2222 cousensus

189 2243 228 2292 les
240 2244 366 2303 Milesius,
385 2243 427 2307 qui
447 2245 557 2293 animum
568 2241 640 2304 posu
650 2243 719 2292 demi-
755 2243 873 2292 ordinum
884 2244 1012 2293 divulsus:
1024 2245 1123 2308 judicia
1133 2246 1285 2309 perierunt:

190 2339 260 2379 mor
276 2321 292 2379 b
312 2321 471 2383 αὐτοκίνητον,
489 2328 606 2370 ustursru
618 2336 720 2383 semper
755 2317 875 2383 suffragia
887 2320 1005 2370 districta
1020 2328 1141 2370 tenentur
1153 2337 1169 2370 a
1179 2323 1289 2385 paucis!

189 2406 235 2447 sut
247 2414 293 2462 per
305 2414 333 2447 se
345 2399 464 2447 mobiiem
482 2399 592 2458 definiit,
611 2406 639 2447 et
656 2398 719 2447 anti·
756 2396 890 2446 Pubiicaru
903 2404 1043 2459 egestatem
1051 2405 1079 2446 et
1088 2399 1214 2461 privatum
1223 2414 1287 2462 opu·

188 2473 325 2535 quissimus
353 2475 522 2539 Piriiosopbus
544 2474 719 2540 Pherecydes,
756 2472 863 2522 lentiam
888 2481 1009 2537 tauquam
1035 2474 1203 2537 periculosam
1226 2475 1286 2523 Rei·

188 2547 267 2611 utque
279 2550 332 2612 ejus
350 2551 491 2614 disciputus
509 2552 680 2614 Pythagoras,
693 2558 719 2601 et
758 2551 819 2613 pub.
843 2551 973 2615 improbat
992 2565 1096 2615 quoque
1116 2551 1285 2615 Thrrcydides

187 2622 289 2672 divinus
300 2625 342 2671 iiic
354 2626 431 2673 Pisto
440 2628 465 2673 in
476 2627 607 2674 Phaedoue
620 2628 717 2688 inquit:
756 2623 774 2672 Ι.
786 2637 836 2672 111.

187 2695 227 2742 rud
236 2695 266 2742 sb
275 2697 470 2756 ἀναβιώσιιεσθαι,
486 2698 525 2746 καὶ
535 2699 561 2747 dr
571 2703 619 2747 sris
628 2699 718 2747 estred·
787 2700 854 2746 luter
864 2699 934 2746 bonos
944 2705 968 2748 et
982 2702 1054 2748 matos
1063 2701 1151 2749 uultum
1161 2703 1285 2752 discrimen

187 2786 234 2817 m
243 2769 298 2817 τοὺς
309 2770 398 2830 ζῶντας
408 2771 539 2831 γίγνεσθαι,
557 2773 596 2819 καὶ
613 2773 656 2819 τὰς
671 2776 718 2818 τῶν
753 2772 800 2831 ess]
833 2772 863 2819 ln
884 2775 1074 2836 manuscriptis,
1091 2776 1216 2825 discrimen
1232 2780 1284 2825 nul·

186 2843 313 2893 reuredum
323 2843 401 2905 ψυχὰς
411 2842 476 2902 εῖναι,
494 2843 532 2891 uui
542 2847 594 2892 ταῖς
604 2843 648 2903 μὶν
658 2844 715 2904 ἀγα·
753 2845 808 2903 lum,
819 2846 912 2895 omisso
926 2848 1004 2896 uerbo
1023 2850 1191 2898 substantivo.
1225 2852 1284 2900 Nec

187 2921 237 2970 duis
258 2918 351 2981 ἄμεινον
371 2918 436 2979 ebur,
455 2921 507 2968 ταῖς
526 2921 608 2968 κακαῖς
628 2917 715 2967 κάκιον.
753 2919 830 2967 aliter
841 2917 1001 2981 Augustinus
1014 2936 1037 2968 u.
1050 2922 1081 2969 de
1093 2922 1205 2971 Ciuitate
1218 2924 1283 2987 Dei,

187 2997 220 3048 Id
232 3004 282 3058 est,
296 3000 328 3047 Et
340 2997 596 3058 numerabamus,
606 3001 716 3058 usqum
753 2999 827 3044 ow.
862 2995 955 3046 Rivius.

186 3077 287 3126 mortuis
306 3078 409 3126 uioeutes
428 3075 503 3139 firm
530 3079 716 3137 mortuumque
784 3069 930 3134 Seporutim]
961 3071 1014 3120 Ubi
1032 3087 1083 3120 uon
1100 3072 1127 3121 iu
1146 3090 1282 3126 commuue

186 3155 278 3202 ursimus
298 3167 424 3215 superesse,
449 3158 517 3213 atque
539 3149 604 3200 bouis
624 3151 717 3214 quidm
753 3147 897 3207 consulitis,
908 3148 953 3196 sed
971 3148 1091 3211 privatim
1107 3149 1155 3199 sibi
1174 3153 1281 3216 quisque

186 3227 277 3286 metius,
294 3229 362 3275 mulis
382 3243 436 3275 cero
455 3227 559 3276 deterius
580 3243 635 3277 esse.
681 3227 716 3277 ut
753 3225 879 3288 providet.
916 3226 977 3276 usu.

186 3301 361 3361 antiquissima
381 3316 511 3358 msumum
532 3304 660 3352 sententia
688 3311 716 3352 et
784 3301 931 3367 usumin]
950 3304 1280 3353 Hocmsiicivisiudicium

185 3372 327 3420 revicturos
354 3374 466 3421 homiues
500 3383 528 3423 et
560 3379 715 3426 imnrortsies
752 3379 843 3427 stutuit
862 3379 927 3427 Huiu
939 3382 1062 3429 Servilius
1073 3381 1197 3429 Tribunus
1215 3381 1281 3429 miii·

184 3445 240 3496 sore
251 3448 371 3508 adstruit,
383 3458 411 3497 ut
421 3453 617 3515 restaturDiog.
627 3454 714 3504 Lairt.
754 3457 808 3500 tum
817 3455 884 3514 apud
897 3454 996 3503 Livium
1007 3455 1024 3504 i.
1037 3468 1075 3503 rr.
1108 3456 1207 3503 Indicia
1220 3462 1281 3505 suut

185 3523 387 3572 Immortalitutis
417 3526 516 3587 patroni
546 3530 648 3589 piurimi
673 3545 716 3578 ορ.
753 3524 873 3576 sectionis
895 3529 953 3588 ista,
983 3537 1167 3592 respectusque
1194 3544 1280 3578 rerum

184 3606 291 3655 currunt
310 3600 378 3661 apud
400 3607 502 3650 veteres
520 3603 643 3652 Etiruicos
654 3605 714 3653 His·
753 3601 918 3664 privaturum,
935 3617 991 3664 quae
1005 3610 1033 3650 ut
1044 3603 1111 3663 apud
1130 3602 1240 3651 eundem
1260 3605 1278 3653 l.

185 3673 289 3733 toricos,
301 3674 436 3737 Oratores,
447 3683 474 3724 et
488 3677 591 3726 Po'etas.
622 3679 714 3728 Tacite
754 3688 786 3724 u.
799 3676 898 3739 Appius
910 3677 981 3737 dicit,
998 3682 1099 3737 semper
1110 3674 1230 3735 offecere,
1242 3678 1280 3728 of·

185 3749 272 3813 itaque
290 3752 419 3809 carpendo
437 3753 575 3815 Curarem,
591 3754 713 3803 iuvidiam
751 3750 890 3814 ficieutque
920 3752 1028 3814 publicis
1050 3752 1170 3801 consitiis.
1213 3753 1278 3805 inde

184 3823 387 3874 iiiicreetCaro.
423 3827 495 3889 Tisys.
751 3826 887 3885 discordia,
904 3833 931 3875 et
953 3841 1028 3888 porro
1051 3826 1219 3890 Rerumpubi.
1243 3832 1279 3879 iu·

219 3901 294 3956 Quasi
315 3916 369 3949 uero
386 3904 441 3950 moli
461 3910 531 3966 utque
550 3904 640 3953 sceteui
660 3910 712 3960 tun-
752 3902 858 3950 teritus:
876 3911 912 3958 et,
925 3911 950 3949 ut
964 3903 1097 3964 eleganter
1109 3906 1199 3955 eodem
1211 3907 1276 3956 libro

183 3978 300 4025 tsuuuodo
310 3977 336 4023 ιἰι
346 3976 411 4034 urbe,
423 3983 445 4025 et
457 3993 502 4024 nou
519 3994 562 4040 per
578 3985 651 4026 totum
664 3979 712 4027 Itu·
750 3977 835 4025 Livius
847 3979 975 4039 loquitur:
994 3984 1001 4005 ⁸
1014 3980 1043 4026 ld
1056 3996 1131 4029 riuum
1143 3995 1277 4044 venenum,

183 4050 309 4116 mmsis]
341 4051 373 4100 ln
393 4052 542 4102 Fabriciauo
560 4055 650 4102 omissa
668 4055 712 4103 iiia
750 4067 781 4100 ea
796 4052 851 4100 lues
868 4053 1014 4102 civiurtibus
1025 4057 1152 4117 opulentis
1164 4065 1278 4120 reperte,

183 4130 208 4174 et
226 4128 320 4190 copula
338 4142 383 4176 uos
398 4143 441 4191 per
452 4133 525 4177 totam
537 4129 640 4189 itotiom,
652 4130 712 4192 iugi·
750 4135 778 4176 ut
796 4143 889 4192 magua
909 4130 1018 4194 imperia
1035 4131 1154 4180 mortalia
1169 4134 1275 4183 esseut.'

184 4206 236 4264 tur,
247 4203 363 4268 quumvis
374 4204 562 4255 securiosius.
596 4205 690 4256 uiuus
751 4205 844 4255 Gmro.
1243 4225 1247 4233 ·
