3000 5040
290 401 357 466 nott
646 414 753 463 nora
776 412 978 463 vantonon
1006 414 1045 462 tu

327 557 417 607 lilellos
427 555 698 620 merlobscumpecore]
724 557 823 621 Legen·
893 553 1192 616 Elquiodieiextremum
1206 559 1269 615 mut,
1284 553 1390 616 praelium

292 634 499 697 dnm,mortoleis.
516 634 612 686 Rivius.
859 636 949 680 nonest
960 630 1088 693 inceptum]
1103 629 1223 694 'rbest‚in
1235 631 1391 694 manuscrip-

325 710 465 771 lnregusm
484 711 721 776 suumsecostoertit]
752 708 784 758 'rb
799 724 824 760 oe
860 707 894 756 tis
906 721 955 756 non
967 714 1015 756 est.
1049 706 1144 756 Rivius.

292 800 344 839 noo
362 786 490 848 reperitur
510 786 535 834 in
556 787 723 849 Beroaldino,
742 801 825 853 neque
893 783 1031 844 Plerumque
1047 784 1123 831 noctis
1139 783 1263 846 processit]
1295 783 1337 831 Sic
1354 782 1392 831 iu·

293 861 320 912 in
339 863 390 912 otto
409 862 598 927 manuscripto:
617 863 688 927 quari
706 862 824 911 absolute
860 856 915 907 iro:
934 859 1104 922 ‘plerumqne
1114 859 1197 907 noctis
1207 858 1309 907 barbari
1320 872 1391 906 more

293 945 405 1002 poostor
415 939 462 987 ltoc
473 939 587 987 uerbum.
604 938 647 987 Sic
657 938 731 988 alibi:
743 938 824 987 ‘clam
861 948 906 983 tuo
925 933 1028 984 laetari?
1069 936 1120 983 Et:
1144 934 1212 1000 ‘Sed
1224 933 1267 999 pbi
1282 935 1393 996 plerum·

294 1027 351 1063 erim
365 1014 452 1078 paucis
464 1015 496 1063 ad
512 1014 614 1078 pedites
626 1013 770 1075 convertit,'
790 1013 826 1062 io·
862 1024 911 1075 que
929 1010 1012 1060 noctis
1025 1010 1168 1074 processit!
1206 1007 1292 1058 Iot'ra:
1311 1010 1395 1058 ‘ruol-

295 1089 362 1154 qnit‚
384 1097 413 1138 ct
435 1090 512 1139 Cora.
535 1091 640 1142 Tacitus
663 1105 705 1140 ιιι.
731 1091 825 1139 ‘Post
862 1094 917 1136 tum
928 1087 978 1135 diei
991 1091 1170 1149 processerat,’
1181 1085 1255 1134 dixit.
1284 1087 1394 1135 Ciacmu.

296 1178 372 1227 qnam
382 1164 497 1214 caedibus
505 1166 629 1227 saevitum,
639 1174 666 1215 et
676 1164 825 1230 magnitudo
896 1162 1001 1212 Obscuro
1012 1163 1085 1211 eliam
1100 1167 1150 1210 lum
1161 1160 1259 1222 lumine]
1294 1161 1394 1210 Citatur

295 1236 371 1290 fama
382 1242 462 1290 exitio
473 1248 538 1300 crat,
555 1243 634 1291 ceteri
646 1241 678 1291 ad
689 1240 825 1305 sapientio-
862 1241 975 1291 nNonio
987 1240 1078 1302 tragos.
1099 1253 1129 1286 es
1144 1251 1183 1287 tv.
1193 1237 1293 1286 Histor.
1311 1241 1318 1263 ⁸
1330 1236 1394 1285 Cum

295 1329 324 1365 ra
335 1324 487 1365 convertere
497 1316 514 1364 :'
526 1316 566 1366 bic
583 1330 685 1380 quoqne
695 1317 751 1364 siae
763 1330 824 1366 casu
862 1317 965 1365 interim
984 1317 1078 1364 lumine
1096 1315 1176 1364 etiam
1195 1319 1249 1360 tum
1269 1312 1367 1361 incerto
1377 1309 1393 1359 ι’

296 1390 411 1457 ponitur.
429 1392 503 1439 Idem.
573 1400 576 1405 ’
862 1391 973 1454 lancee,
987 1392 1083 1441 Gollioe.
1115 1389 1199 1439 Idem.
1426 1422 1427 1427 ,

330 1466 480 1514 Existimant
501 1464 654 1514 Adherbalem
674 1467 752 1514 dolore
772 1482 826 1530 per-
895 1467 1049 1530 Togotormrs]
1067 1467 1099 1516 id
1110 1473 1158 1526 est,
1169 1464 1329 1513 Italicorum.
1352 1461 1396 1509 Sa·

296 1546 394 1608 aarum,
415 1541 515 1601 irp'urim
535 1556 590 1589 suos
608 1558 679 1591 ιιιιιιιιι
697 1543 827 1593 vindicetu-
863 1545 993 1610 uetogati
1005 1551 1064 1593 sunt
1077 1543 1181 1607 proprie
1193 1538 1313 1588 Romani.
1330 1537 1396 1587 Bod.

295 1613 359 1676 rura]
392 1615 579 1680 Monuscripta,
599 1618 678 1666 dolore
696 1624 827 1680 permotum
898 1620 957 1675 Qua
971 1619 1088 1667 numidas
1102 1617 1270 1679 insequentesn
1284 1613 1397 1661 manibus

297 1689 466 1739 Adherbalem:
478 1707 535 1755 qoae
545 1692 683 1742 collocatio
693 1695 827 1765 verborum
862 1693 995 1760 probibuit]
1011 1693 1044 1742 Iu
1057 1691 1238 1754 manuscriptio
1250 1699 1278 1738 et
1290 1690 1397 1752 impres·

297 1767 395 1817 melior·
414 1768 489 1818 Idem·
867 1772 902 1821 sis
913 1769 1065 1834 quibusdam
1077 1768 1170 1817 omissa
1187 1765 1336 1829 praepositio
1348 1770 1398 1825 cst,

331 1844 434 1905 [qinein
444 1859 497 1893 suus
505 1860 574 1895 more
584 1845 768 1910 remeaturum]
784 1848 827 1898 Sic
868 1846 980 1896 moeaiim
997 1844 1128 1910 prohibuit.
1172 1844 1316 1905 Utrumque
1337 1838 1397 1888 milti

298 1918 381 1989 insta:
399 1920 594 1969 ‘viridicanriom
604 1921 630 1970 in
640 1936 694 1980 eos,
704 1923 748 1985 qni
760 1923 829 1973 hosti
869 1922 965 1990 piacet,
976 1929 1005 1971 et
1013 1930 1123 1985 utroque
1134 1920 1210 1968 niodo
1222 1919 1315 1967 Cicero
1328 1916 1397 1981 loqui

300 1996 436 2058 prodidere
461 1997 656 2058 rempublicam:
680 2013 730 2046 non
753 2014 829 2047 manu
867 1997 1011 2046 consuevit.
1045 1994 1210 2046 Caesarbelli
1229 1993 1397 2043 (taidelli.

300 2081 382 2133 neqne
394 2069 436 2119 vt:
471 2070 517 2118 Et:
534 2072 594 2133 ‘qni
613 2071 732 2120 dicerent
754 2087 830 2121 mauu
868 2073 981 2122 ‘tinibus
994 2072 1136 2137 probibere'
1156 2071 1222 2120 dixit
1238 2071 1292 2119 sine
1309 2068 1399 2117 addita

301 2146 499 2196 vindicandum?
519 2147 627 2198 Cioocou.
868 2150 1060 2213 praepositione.
1093 2149 1188 2197 Rivius.

334 2222 438 2283 inpurior
463 2238 517 2271 suos
550 2240 620 2272 ruouu
647 2225 831 2290 eiudicolururu]
904 2225 955 2272 Uno
969 2223 1008 2271 die
1028 2225 1090 2272 iuter
1107 2225 1165 2271 duos
1175 2235 1241 2282 reges
1251 2226 1351 2283 coptum
1360 2226 1400 2267 ot·

300 2298 369 2348 Vide
392 2299 528 2362 ancipitem
552 2300 782 2362 reciprocationem
804 2302 830 2349 iu
868 2305 1041 2363 qucpotrotuoa
1053 2296 1220 2360 beliumsoret]
1246 2297 1290 2345 Sic
1311 2296 1399 2345 Tacit.

302 2375 390 2437 verbo,
398 2391 461 2436 suos,
471 2376 660 2438 Jugurtltamne
673 2378 778 2440 reserat,
789 2381 831 2444 qui
870 2389 924 2426 xtt.
941 2380 948 2405 ⁸
961 2376 1001 2427 Ac
1013 2377 1039 2424 oi
1055 2376 1170 2440 praelium
1182 2390 1231 2422 nou
1243 2373 1399 2433 diremisset,

301 2448 434 2511 intulerat,
454 2465 484 2498 ao
505 2450 689 2516 Adherbalem,
700 2456 741 2504 coi
752 2456 832 2505 ittam
870 2461 958 2516 crepta
979 2459 1134 2515 patrataque
1158 2450 1317 2514 expugnatio
1339 2463 1401 2496 eun·

301 2533 385 2575 eraut.
419 2525 505 2589 Ipsius,
521 2530 589 2592 quod
602 2532 712 2580 medium
726 2532 832 2582 verbnm
870 2530 930 2579 dem
941 2531 1010 2579 iutra
1021 2530 1089 2579 diem
1101 2527 1170 2578 soret
1181 2528 1197 2575 ι’
1228 2534 1255 2574 et
1268 2539 1310 2575 ιιι.
1326 2525 1400 2573 ‘tum

248 2606 254 2618 ·
302 2601 434 2649 interritos
445 2604 536 2663 noejus
547 2606 714 2655 Grammatici
726 2617 833 2669 ponunt,
870 2606 972 2655 demum
990 2606 1096 2655 liberius
1115 2611 1201 2654 ortum
1221 2607 1402 2665 patratumque

303 2677 448 2724 sustulisset
468 2679 533 2726 bunc
551 2679 746 2732 dubitationem.
774 2683 840 2732 Gla-⁸
871 2683 968 2733 bellum
980 2681 1086 2731 Senatui
1098 2679 1219 2742 scripsit.’
1256 2678 1302 2725 Est
1315 2685 1401 2725 autern

302 2763 396 2798 imi·
867 2759 1078 2820 pontemollem,
1099 2754 1229 2804 conficere
1249 2755 1303 2802 aive
1328 2751 1403 2815 perti·

336 2825 409 2875 Serus
430 2829 542 2892 resumat]
584 2828 667 2879 Infra:
685 2832 771 2895 ‘qnod
790 2833 833 2881 nbi
870 2848 940 2882 care.
982 2832 1402 2886 Qutuuviri.³.‘1)uctareex-

304 2916 378 2952 secus
391 2905 525 2967 procedit!
547 2907 655 2956 Cioccon.
870 2910 978 2970 crcitns,
989 2918 1016 2957 et
1028 2917 1129 2971 patrare
1142 2907 1246 2964 bellom.
1265 2903 1334 2968 apud
1348 2905 1403 2951 Sai-

336 2979 403 3030 Cae.
426 2985 457 3031 21
488 2982 565 3046 Prope
593 2983 686 3032 Cirtam
712 2983 833 3048 oppidum]
871 2985 975 3033 instium
994 2984 1064 3034 dicta
1083 2990 1173 3031 sancte
1192 2989 1269 3045 atqnc
1288 2981 1403 3042 antique,

305 3057 439 3107 Strabonis
450 3061 533 3108 codex
546 3060 610 3108 libro
620 3059 708 3108 ultimo
720 3061 834 3124 Geogra·
872 3060 989 3110 ridentur
999 3076 1014 3110 a
1026 3058 1115 3109 nobis!
1149 3060 1258 3108 Cioccotr.
1271 3059 1304 3107 V.
1316 3059 1346 3106 C.
1358 3072 1403 3106 usto

305 3131 374 3199 phiec
383 3134 469 3199 itabat,
479 3135 652 3186 Adherbalem
663 3144 689 3187 et
698 3138 836 3200 obsessum,
872 3139 1052 3202 eodemquedie.
1084 3137 1170 3185 Ursiu.

305 3216 334 3257 et
357 3211 472 3260 occisum
493 3215 523 3261 ad
546 3215 665 3263 Uticam:
695 3216 738 3265 ubi
762 3219 836 3279 plane
904 3215 1031 3276 Jugurtlso
1051 3215 1159 3277 oppidum
1181 3212 1340 3273 circumsedit]
1373 3211 1404 3260 in

306 3284 511 3349 ntendtimpnto.
546 3291 622 3338 Utica
633 3293 698 3338 enim
712 3292 760 3340 lioe
773 3301 835 3340 tem·
873 3292 1055 3354 manuscriptis
1089 3298 1136 3353 est,
1167 3289 1247 3349 igitur
1272 3287 1404 3348 Jugurtlut.

306 3370 368 3421 pore
386 3358 411 3405 in
431 3362 562 3421 provincia
581 3372 638 3412 orat
656 3367 837 3431 Romanorum,
874 3368 931 3418 Nec
951 3368 1028 3418 aliter
1049 3367 1075 3415 in
1095 3365 1225 3428 impressis
1243 3360 1404 3426 qtiibnsdam.

307 3445 358 3494 qna
369 3433 447 3495 iegati
461 3437 535 3497 paulo
548 3446 604 3500 post
615 3437 769 3500 Jugnrtltam
781 3441 835 3490 lite·
875 3443 969 3491 Ricina.

307 3505 342 3554 ris
354 3518 470 3560 evocant.
488 3511 570 3560 Nemo
580 3513 658 3575 igitur
673 3514 739 3562 liunc
752 3518 835 3566 lorum
911 3518 999 3581 l'lreia]
1032 3516 1054 3565 Α
1071 3515 1237 3564 similitudine
1255 3514 1313 3562 vitis
1325 3513 1406 3579 dictu,

306 3598 341 3632 ex
352 3584 487 3635 Strabonis
503 3588 580 3650 libro,
596 3590 641 3637 scri
658 3598 747 3638 eontra
765 3592 835 3641 illum
874 3607 932 3655 qnae
955 3592 1048 3654 jugata
1065 3596 1093 3638 et
1117 3590 1141 3636 in
1167 3596 1264 3637 tectum
1286 3590 1406 3640 allevata.

308 3672 341 3709 ex
360 3658 420 3721 boc,
440 3663 484 3725 qni
506 3663 570 3711 bone
588 3664 678 3728 habet,
698 3667 836 3716 emendare
874 3669 927 3717 Sub
940 3668 983 3716 iiia
996 3667 1055 3730 quia
1066 3666 1198 3714 considere
1211 3663 1260 3723 ias,
1278 3676 1305 3712 et
1324 3666 1406 3714 latera

308 3741 424 3783 conetur.
443 3738 581 3789 Gloreuttus.
875 3747 913 3794 sic
926 3745 1021 3799 elisua,
1037 3744 1092 3790 hmo
1109 3756 1209 3804 qnoque
1226 3741 1343 3790 militaris
1361 3757 1406 3790 no·

342 3811 406 3867 Quia
427 3813 475 3861 diei
496 3820 627 3865 extremam
648 3816 711 3880 eret]
743 3817 836 3868 Infra:
874 3833 932 3869 men
952 3818 1068 3880 sumpsit.
1102 3816 1233 3865 Describit
1255 3818 1334 3865 ctiam
1355 3819 1406 3866 Vc-

309 3887 358 3935 ‘et
368 3887 417 3936 diei
430 3904 521 3950 vesper
532 3900 588 3938 crat
602 3893 617 3940 :'
635 3893 712 3942 item:
731 3895 838 3958 ‘etjam
875 3894 958 3956 getius
977 3906 1013 3940 tv.
1028 3896 1065 3940 ta.
1083 3893 1089 3917 ‘
1104 3892 1199 3940 Vincas
1223 3893 1341 3941 stiterunt
1362 3908 1406 3941 vc·

310 3961 353 4010 dia
373 3977 465 4025 vesper
484 3964 558 4012 erut!
591 3968 712 4015 Ceterum
724 3970 838 4032 'l'acitos,
875 3977 952 4028 teres,
970 3983 1032 4030 qtras
1044 3982 1111 4015 ntsnc
1123 3968 1232 4016 Barbari
1249 3968 1406 4032 militarique

310 4038 354 4101 qni
366 4040 598 4103 nmltahnjnemotii
611 4042 838 4095 asattostioacce-
875 4045 1001 4093 vocabulo
1020 4045 1118 4093 causina
1141 4044 1249 4092 vocant)
1289 4045 1310 4092 E
1331 4044 1406 4107 lignis

310 4115 350 4178 pit
363 4116 430 4165 trist.
443 4130 485 4166 nt·
503 4121 638 4168 ‘extremo
649 4119 704 4182 jam
724 4119 781 4180 die‚'
800 4122 837 4169 in·
874 4120 1013 4173 levioribus
1036 4121 1152 4169 macitina
1179 4120 1325 4182 colligatur,
1353 4123 1407 4170 alta

310 4190 376 4252 quit.
394 4194 458 4242 ‘aus
469 4195 577 4262 quisque
588 4197 613 4245 in
626 4198 738 4246 tentoria
749 4197 839 4251 dilabi·
876 4197 985 4259 pedibus
996 4205 1065 4258 octo,
1083 4199 1136 4245 lata
1152 4204 1261 4257 actitem,
1279 4196 1355 4258 longa
1366 4213 1407 4247 se·

311 4264 371 4313 tur!
404 4269 511 4322 Clocoors.
875 4271 969 4323 decim.
1002 4273 1088 4335 Hujus
1100 4278 1198 4322 tectum
1209 4271 1308 4336 duplici
1324 4273 1407 4322 muni·
