3000 5040
263 314 333 433 818
589 328 787 383 aroausus
812 328 1029 384 rororouuu

267 478 345 543 1565
359 480 393 543 C.
406 477 525 540 Salustii
540 476 636 557 Crispi
649 479 687 539 de
703 479 908 556 conjuratione
921 479 1057 539 Catilinae
1070 490 1100 544 et
1113 479 1151 540 de
1166 481 1244 541 bello
1257 482 1369 562 Iugur·

305 578 386 638 tbiuo
400 575 536 646 historiae,
551 580 609 636 dte.
632 595 701 635 cuni
723 576 829 635 lodoci
849 575 931 634 lladii
952 577 1084 635 Ascensii
1097 578 1366 655 explanationibus,

274 718 277 727 .
302 681 335 732 et
347 671 472 732 aliorum
486 670 605 732 doctiss.
619 672 742 730 virorum
758 670 971 730 commentariis
985 680 1015 730 et
1028 671 1274 733 annotationibus.
1308 674 1368 732 Ve-

302 766 398 827 1181118.
413 767 586 826 Pol-bib.
601 765 746 825 Emtioclr.
762 765 795 825 P.
814 780 869 825 111.
883 783 914 843 p.
929 764 979 826 36.
996 785 1026 824 n.
1041 773 1111 826 303.

268 862 345 932 1567
360 863 395 922 C.
410 861 538 921 Sallustii
552 862 647 940 Crispi
658 861 827 938 coujuratio
836 862 971 924 (18111188
982 872 1011 922 81
1023 862 1131 922 bellum
1141 863 1159 922 J
1163 863 1367 939 ugurtbinom.

233 996 238 1005 ·
256 952 259 957 ’
307 959 480 1036 Fragmenta
492 959 627 1036 ejusdem
643 959 849 1031 ilistoriarum,
862 960 1080 1036 ascriptoribus
1090 959 1216 1038 antiquis
1231 960 1269 1018 ab
1285 959 1371 1019 nluo

307 1055 455 1124 Manutio‚
469 1054 563 1112 Paulli
577 1054 598 1112 1.
612 1054 748 1112 collecta.
778 1054 899 1117 Scholia
912 1054 982 1113 atui
996 1055 1132 1113 Manutii.
1163 1054 1256 1114 ludex
1269 1073 1370 1113 rerum

308 1159 340 1213 et
353 1149 469 1210 verbor.
485 1149 724 1209 memorabilium.
748 1156 758 1181 ¹
771 1149 864 1206 Aldus
880 1150 1033 1207 Manutius
1055 1149 1158 1235 Paulli¹
1168 1149 1189 1210 t.
1205 1152 1241 1208 Α.
1255 1150 1295 1209 N.
1310 1149 1373 1208 Ve-

310 1249 397 1308 aretiis
412 1249 613 1307 manavit!
627 1243 854 1304 8.-Reoooard
869 1243 978 1302 Annal.
992 1244 1059 1303 Vol.
1075 1260 1098 1302 1.
1112 1265 1179 1323 pag.
1195 1245 1265 1307 363.

270 1374 311 1399 .-
323 1341 464 1402 Coloniae.
479 1346 507 1398 8.
523 1358 558 1396 ex
574 1356 633 1396 reo.
650 1337 726 1395 Ririi
743 1345 774 1395 et
791 1336 873 1396 aliur.
888 1355 956 1396 eum
967 1346 1081 1397 annott.
1103 1340 1286 1399 Melaocbtb.
1300 1360 1370 1402 aco.

309 1436 448 1495 Glareani
461 1442 490 1493 et
503 1432 568 1494 188.
582 1434 656 1491 1188.
670 1440 783 1490 annott.

274 1531 351 1593 1568
365 1528 503 1589 venetiis.
519 1539 548 1589 8.
564 1528 691 1587 Sallustii
704 1529 878 1606 Fragmenta
889 1526 1011 1586 collecta
1021 1528 1063 1587 ab
1072 1531 1142 1589 Aut.
1152 1529 1330 1591 Riccobono
1340 1551 1372 1591 c.

278 1662 282 1669 ·
312 1624 489 1686 n.-Eadem
504 1622 578 1681 libro
593 1623 718 1683 lliccob.
732 1621 769 1682 de
784 1622 914 1682 Historia
928 1622 1086 1700 subjuncta
1098 1624 1183 1683 Basil.
1198 1632 1285 1695 1579.

275 1728 352 1790 1570
365 1719 547 1797 Autwerpiae.
564 1728 591 1779 8.
964 1789 970 1800 ,
1218 1742 1221 1747 ·

275 1823 348 1883 1571
365 1817 401 1876 C.
415 1815 511 1892 Crispi
525 1812 641 1873 Salustii
655 1812 693 1872 de
707 1813 910 1891 conjuratione
925 1813 1058 1874 Catilinas
1071 1822 1101 1873 et
1119 1814 1157 1874 de
1171 1815 1250 1874 bello
1262 1817 1374 1893 lugur-

311 1910 393 1969 tbiuo
414 1909 543 1969 historia.
564 1908 699 1980 londini,
719 1928 756 1967 ex
780 1908 895 1968 officina
917 1909 965 1968 lo.
991 1908 1148 1989 Kiagstoo.
1165 1910 1370 1990 8.—Bri1gge-

313 2024 402 2064 mann
416 2023 484 2084 pag.
500 2003 570 2066 526.

274 2132 316 2147 -
327 2100 461 2160 Basileus.
477 2108 506 2160 8.
521 2118 587 2159 curo
601 2098 677 2159 notis
691 2098 774 2159 Glar.
788 2104 818 2155 et
833 2097 908 2159 Col.
922 2099 990 2158 888.
1002 2099 1073 2159 Cur.
1083 2097 1148 2158 Jac.
1160 2099 1236 2158 1188.
1251 2106 1310 2160 881.

278 2203 355 2265 5578
370 2195 502 2254 lovanii.
519 2203 567 2255 12.
588 2212 657 2252 oum
679 2193 757 2251 notis
777 2191 915 2270 Cypriani
937 2211 956 2252 a
979 2195 1235 2272 Popma.-Notoe
1249 2193 1372 2274 quidem

313 2289 397 2369 parvi
410 2288 606 2348 aestimantur:
628 2285 679 2346 sed
694 2286 837 2345 variantes
850 2287 990 2348 lectiones
1003 2308 1040 2349 ex
1054 2304 1101 2350 vt.
1117 2289 1215 2352 Codd.
1230 2291 1329 2352 babet.

733 2428 850 2490 AETAS
870 2432 908 2489 V.

717 2556 926 2626 1573-1606.

275 2669 423 2731 Auctores
437 2668 527 2728 babet
541 2668 725 2728 Ludovicum
741 2669 920 2740 Carrionero,
936 2670 1025 2750 Lipsii
1039 2671 1165 2732 amioum
1180 2680 1210 2732 et
1222 2672 1371 2745 8181811181,

314 2765 364 2843 qui
377 2764 503 2823 Sallustii
517 2765 633 2841 scripta,
650 2785 716 2841 quae
730 2774 894 2843 supersunt,
915 2767 1012 2826 multis
1025 2769 1164 2841 millibus,
1180 2778 1213 2828 nt
1227 2771 1288 2846 ipse
1302 2788 1375 2846 pro·

315 2858 424 2927 fitetur,
440 2858 513 2918 loeis
525 2859 645 2918 meliora
659 2858 760 2930 edidit,
771 2870 800 2918 et
812 2862 982 2938 Fragmenta
998 2862 1180 2922 historiarum
1193 2874 1282 2942 atque
1297 2867 1374 2924 Ora·

315 2953 407 3012 tiones
420 2954 459 3014 ad
474 2955 620 3016 Caesarem
635 2954 723 3016 docte
737 2957 910 3016 illustrarit:
933 2968 995 3019 tum
1010 2959 1044 3017 P.
1061 2959 1258 3029 Ciaccooiom,
1275 2960 1371 3019 tribus

315 3048 414 3108 Codd.
438 3069 531 3122 usum,
553 3061 583 3109 et
606 3050 672 3108 Hel.
698 3051 884 3111 Putsobium.
917 3052 1030 3114 Praeter
1046 3074 1097 3114 eos
1115 3056 1149 3114 P.
1164 3056 1320 3126 Victorius,
1337 3058 1371 3117 F.

314 3144 934 3226 1118188811888188810118811.(3818888,
958 3150 1015 3209 boo
1038 3161 1126 3212 aetate
1149 3141 1286 3230 proluere
1309 3152 1372 3212 Sal-

280 3274 285 3283 .
316 3239 416 3298 lustio.

269 3342 355 3403 1573
372 3335 407 3394 C.
423 3333 521 3412 Crispi
546 3334 672 3394 Sallustii
692 3337 792 3411 Opera
810 3355 877 3412 quae
896 3346 1005 3407 extant,
1028 3340 1133 3398 edente
1152 3348 1183 3397 et
1201 3353 1373 3402 recensente

317 3429 393 3489 Lud.
407 3429 885 3506 0811188181818888118,81868.
898 3430 1022 3488 Plautio.
1040 3433 1255 3492 8.—Praestans
1266 3436 1372 3497 editio.

276 3540 316 3571 ·-
329 3525 468 3585 Venetiis.
484 3536 512 3587 8.
527 3526 606 3605 apud
621 3525 944 3586 Aldum.-lteuouard
960 3527 1065 3589 Annal.
1080 3529 1146 3588 Vol.
1163 3548 1186 3590 1.
1202 3546 1270 3607 pag.
1286 3537 1358 3590 385.

275 3617 457 3678 -Satlustii
484 3623 580 3699 Crispi
603 3622 768 3698 conjuratio
793 3622 927 3683 Catilinae
956 3631 987 3682 et
1012 3624 1122 3686 bellum
1150 3626 1371 3706 iugurthinum.

316 3711 450 3780 Londini,
465 3717 631 3773 excudebat
645 3721 736 3776 llenr.
751 3718 965 3777 Middletouus.
981 3727 1009 3778 8.

278 3812 356 3873 1574
369 3804 496 3864 Sallustii
511 3808 610 3882 Opera
632 3828 649 3865 a
673 3809 748 3867 Lud.
772 3813 912 3868 Carrioue
936 3811 1061 3870 collecta
1084 3821 1115 3873 et
1138 3817 1280 3890 restituta,
1301 3833 1371 3876 cum

316 3910 429 3961 annott.
445 3910 474 3960 et
489 3901 582 3961 schol.
597 3920 645 3978 ap.
661 3901 726 3960 Pet.
742 3904 813 3962 Sant
828 3904 1028 3967 Andreanum.
1045 3914 1074 3968 8.

275 4030 315 4043 -
329 3997 454 4057 Parisiis.
470 4005 497 4058 8.
514 3996 625 4056 Eadem
639 3997 771 4073 repetita.

279 4091 356 4160 1576
371 4093 533 4156 Florentiae.
549 4103 577 4154 8·.
592 4113 609 4154 8
623 4108 680 4156 ree.
696 4093 729 4151 P.
744 4095 919 4159 1181811181
932 4096 992 4158 Ms.
1008 4095 1119 4158 Medis.
