3000 5040
548 416 552 425 ·
591 409 919 461 'o.*c.san1.usr11.
1236 394 1301 463 841

208 555 402 622 Aldinarum
425 553 749 636 historiographum,¹
776 556 881 618 secuti
902 558 990 630 sunt,
1012 557 1107 616 et-ne
1131 551 1181 614 vel
1202 556 1301 618 unam

207 681 286 726 saec.
305 675 385 721 xvr.
409 656 540 741 (nempe
560 654 769 739 Aldinarum)
792 659 979 734 omiserunt,
1004 657 1303 740 quam‘Renouard

206 765 421 825 recensuerat.
481 759 565 820 Sunt
591 756 729 820 sortasse
759 749 921 822 nonnullae
946 779 1023 822 saec.
1051 775 1113 821 xv.
1140 779 1215 839 quae
1245 757 1302 821 Bi-

208 863 359 944 pontinos
375 859 562 938 effugerant,
578 864 611 920 et
625 878 699 939 quae
715 878 776 921 nos
791 861 891 922 etiam
907 861 1097 941 effugerunt.
1143 858 1243 936 Quod
1258 859 1303 922 ad

207 963 365 1026 editiones
390 980 467 1022 saec.
494 976 573 1020 xr'r.
596 965 628 1019 et
650 958 806 1040 deinceps
828 967 967 1039 spectat,
990 981 1088 1022 unam
1109 966 1142 1023 et
1166 961 1300 1023 alteram

205 1066 391 1127 notabimus
417 1080 502 1141 quas
532 1058 701 1139 Bipontiui
728 1076 793 1121 non
818 1058 1069 1139 descripserunt.
1115 1058 1155 1121 ln
1177 1059 1298 1123 Museo

207 1164 397 1226 Britannico
413 1168 507 1224 sunt:

250 1265 360 1327 Editio
374 1260 847 1340 Paris.1521.-Edit.Lugd.
863 1260 953 1341 apud
969 1257 1096 1341 Grypb.
1112 1261 1187 1324 SVO.
1204 1260 1300 1327 1586.

206 1364 292 1429 Edit.
309 1366 414 1444 Lngd.
434 1363 529 1426 1599.

248 1466 369 1530 Saeculi
387 1481 479 1528 xvir.
497 1468 581 1538 sunt,
606 1463 640 1525 ni
656 1460 818 1536 tollimur,
841 1479 959 1541 paucae
981 1460 1194 1523 omissiones:
1217 1459 1301 1527 inter

204 1587 288 1650 quas
301 1575 395 1630 notes
410 1584 508 1628 unam
523 1562 763 1627 Amstelodami
780 1563 874 1625 1947.

248 1668 347 1746 Quod
371 1667 413 1730 ad
435 1667 548 1729 saeculi
578 1663 689 1726 xvrir.
719 1663 892 1737 editiones
917 1663 1069 1744 effugisse
1095 1663 1227 1726 eosdem
1251 1665 1301 1729 vi·

204 1768 320 1832 dentur
334 1769 425 1831 editt.
440 1767 602 1828 Parisinae
617 1765 691 1848 (per
704 1762 823 1845 Did'ot)
836 1766 931 1828 1795.
944 1770 977 1826 et
992 1766 1087 1828 1798.
1102 1765 1163 1826 sed
1178 1771 1301 1830 stereo-

203 1871 347 1952 typicam
361 1868 414 1951 (ut
430 1864 537 1947 audit)
551 1865 729 1928 editionem
739 1864 885 1946 ejusdem
898 1866 1012 1940 Didot,
1025 1867 1122 1929 1801.
1138 1867 1173 1927 in
1187 1867 1300 1931 ordine

203 1968 457 2050 descripserunt.
502 1964 649 2028 Abideni
667 1965 809 2028 'Fimrici
831 1984 966 2046 quoqne
989 1966 1105 2041 editio,
1128 1967 1170 2028 ad
1198 1987 1298 2030 usum

202 2071 434 2135 universitatis
451 2068 669 2150 Braydensis,
686 2087 706 2131 a
723 2066 868 2130 Nardini
887 2067 1028 2128 multum
1047 2068 1198 2144 laudata,
1213 2089 1299 2150 prae·

201 2173 350 2254 terlapsa
365 2179 419 2234 est
433 2190 502 2232 eos.

246 2273 334 2337 Haec
350 2290 492 2354 sequens
506 2289 573 2333 non
585 2270 745 2333 omittitur
759 2289 780 2332 a
790 2269 988 2350 Bipontinis‚
1002 2268 1060 2331 sed
1076 2267 1181 2332 annus
1196 2267 1299 2352 praue

200 2374 333 2455 ponitur
356 2373 453 2435 1741.
469 2390 587 2453 nempe
602 2370 642 2435 C.
659 2370 768 2453 Crispi
791 2369 940 2433 Sallustii
958 2369 1043 2433 Belli
1056 2369 1243 2433 Catilinarii
1264 2375 1298 2436 et

200 2472 385 2553 Jugurthini
410 2472 583 2534 Historiae.
630 2471 718 2534 Haec
746 2471 780 2532 in
806 2471 889 2533 tituli
917 2473 1062 2551 pagina:
1087 2470 1297 2535 ‘Guilelmus

200 2572 287 2648 Ged,
312 2573 477 2636 aurifaber
502 2572 689 2647 EdinensiS,
712 2589 778 2633 non
803 2572 893 2652 typis
920 2572 1108 2647 mobilibus
1135 2577 1171 2633 ut
1198 2572 1297 2653 vulgo

199 2672 269 2737 fieri
283 2673 380 2749 solet,
397 2672 458 2736 sed
468 2672 599 2734 tabellis
615 2692 672 2734 seu
687 2670 819 2734 laminis
834 2671 919 2734 susis
934 2672 1139 2735 excudebat'
1169 2673 1263 2735 1744.

242 2775 279 2838 Si
310 2774 479 2855 Bipontini
509 2773 593 2836 hanc
628 2775 802 2837 editionem
832 2775 964 2836 omnino
1001 2773 1199 2848 omisissent,
1229 2792 1295 2838 non

197 2875 315 2940 suisset
339 2875 535 2951 mirandum,
560 2875 686 2956 quippe
712 2875 830 2956 paucis
852 2872 1029 2936 Germanis
1055 2872 1165 2936 sorsan
1188 2873 1296 2937 visam

197 2982 255 3038 aut
268 2982 401 3055 notam;
425 2983 461 3038 at
483 2996 554 3038 eam
563 2978 698 3056 'penitus
713 2976 946 3057 praeterlapsos
962 2993 1034 3036 esse
1047 2973 1295 3054 bibliographos

198 3077 408 3140 Britannicos
422 3077 519 3139 valde
533 3077 702 3139 miramur.
747 3076 861 3138 Editio
876 3077 950 3156 ipsa
963 3073 1106 3157 (12mo.)
1120 3079 1171 3136 est
1189 3074 1297 3139 forma.

196 3176 291 3251 levis,
302 3182 335 3236 et
349 3175 438 3258 quod
455 3174 497 3236 ad
511 3181 609 3257 typos
623 3177 834 3257 chartamque
849 3175 991 3255 simplex
1011 3174 1180 3236 munditiis
1189 3198 1199 3248 ,·
1222 3176 1293 3238 sine

196 3274 284 3336 notis
294 3281 327 3337 et
336 3274 467 3357 quidem
479 3275 553 3337 aliis
564 3295 638 3357 quae
650 3275 757 3337 solent
765 3274 925 3337 editiones
939 3275 1183 3337 commendare:
1199 3282 1234 3338 at
1245 3283 1295 3340 ta·

197 3392 272 3436 men
287 3394 322 3437 re
335 3385 369 3438 et
384 3374 619 3456 significatione
635 3376 756 3455 gravis,
768 3377 811 3439 ob
822 3375 857 3438 id
869 3375 959 3459 quod
973 3376 1051 3438 artis
1063 3377 1293 3456 sterootypicae

197 3475 364 3554 specimen
378 3475 508 3555 praebet
528 3477 602 3556 plus
623 3495 722 3554 quam
737 3476 971 3556 quinquaginta
992 3494 1096 3536 annos
1119 3482 1293 3556 antequam

139 3604 144 3611 ·
197 3569 260 3634 sua
275 3571 383 3634 Gallis
400 3572 524 3636 dederit
541 3573 656 3636 Didot.
701 3573 789 3635 Vide
813 3593 888 3653 qnae
914 3592 977 3635 nos
1003 3592 1114 3654 supra,
1138 3575 1200 3636 sub
1226 3574 1293 3639 Re·

197 3689 297 3734 censu
328 3670 514 3733 Editionum
547 3672 690 3750 Virgilii,
718 3673 752 3733 in
781 3671 881 3734 >Parte
911 3689 976 3734 vu.
1005 3673 1142 3754 hujusce
1170 3676 1292 3756 operis,

196 3792 229 3853 p
243 3772 340 3835 4554.
357 3778 389 3833 et
409 3773 437 3833 si
462 3773 537 3853 quis
552 3773 652 3854 plura
667 3772 758 3850 velit,
774 3773 924 3836 consulat
939 3773 1214 3837 Dissertationem
1230 3777 1293 3840 viri

194 3872 350 3953 ingeniosi
368 3869 550 3934 Alexandri
564 3872 694 3936 Tilloch
709 3875 742 3935 in
756 3873 826 3936 'l'he
841 3872 1089 3957 Philosopbical
1105 3875 1293 3956 lllagaaine,

689 4023 799 4072 NOTAE

227 4113 362 4162 ¹Aonides
379 4114 412 4164 de
429 4115 606 4180 l'lmpu'merie
624 4116 668 4167 der
688 4117 776 4182 Alter,
794 4119 844 4166 &c
868 4130 916 4180 par
937 4114 1000 4170 Ant.
1019 4115 1087 4179 Aug.
1107 4115 1253 4178 Renouard,
1272 4115 1289 4166 tl

193 4194 277 4259 Paris,
291 4199 363 4247 1801.
