3000 5040
424 374 578 433 aanrurr
598 363 786 431 ruauurtr.
831 384 912 432 cnr.
934 367 989 436 88.
1187 352 1255 435 ὢ

159 518 358 579 mm!
367 523 569 589 scripsitetianr
586 539 619 575 ex
637 525 687 588 bis,
727 526 963 578 conscribebantur.
979 525 1159 590 Serviicapite
1176 525 1256 591 censi,

153 598 386 665 'quimersntin
397 602 536 652 ciessibus:
554 616 612 651 narn
626 604 689 652 mni·
726 607 754 650 ct
771 602 814 666 qui
833 604 961 652 excisores
981 608 1066 663 erant,
1082 600 1116 650 ed
1136 601 1254 652 militiam

160 683 202 725 tos
219 677 306 740 eapite
325 691 415 728 censos
436 679 548 742 scripsit.
585 679 688 728 Servius
726 692 776 726 non
807 677 1006 742 recipiebantur,
1028 685 1119 740 utpote
1147 684 1255 741 propter

158 750 266 815 Tuiiius,
285 754 328 819 qni
345 763 433 804 sextus
447 770 463 803 a
474 756 583 806 Romuio
599 754 688 805 Romae
726 752 840 816 inopiam
858 753 977 816 suspecti.
1011 753 1104 817 Capite
1127 752 1197 802 censi
1214 752 1255 802 di-

160 830 288 892 regnavit‚
310 831 405 893 primus
431 845 535 881 censum
558 831 686 882 instituit:
726 828 896 891 cebantnr‚ut
910 826 1255 894 truditA.Geiiius,quiaut

160 917 191 951 ex
202 918 252 968 qno
263 904 324 953 beiti
335 906 458 969 pacisque
475 907 561 955 munia
572 913 600 956 et
610 920 689 956 onera
726 905 806 964 nuno,
818 912 864 954 aut
881 920 1005 968 perquam
1015 919 1094 968 parvo
1106 920 1156 954 aerc
1166 919 1256 956 cense-

159 991 209 1026 non
222 977 325 1039 uiritim,
338 985 449 1040 utente,
469 980 513 1028 sed
532 995 580 1043 pru
598 980 687 1030 babitu
727 980 840 1030 bantur:
860 980 886 1028 hi
899 995 946 1043 pro
957 982 1043 1044 capite
1053 981 1150 1030 tributa
1161 981 1256 1046 pende·

160 1052 325 1114 pecuniarum
345 1050 445 1101 tierent.
477 1054 541 1103 Turn
567 1055 689 1119 poputum
727 1055 799 1117 bant,
822 1071 838 1104 a
862 1056 981 1104 censione
1009 1057 1102 1120 capitis
1124 1056 1256 1106 nominati.

158 1127 305 1176 universnm
317 1127 343 1176 iu
359 1128 454 1177 cieuses
465 1130 646 1193 centuriasque
656 1144 689 1178 ex
727 1131 778 1181 Sui.

156 1207 239 1253 'censu
261 1202 398 1267 descripsit
417 1211 495 1269 atque
519 1205 615 1255 divisit.
649 1204 689 1255 iix
760 1206 1255 1274 capitecensorpierospseMgeiiiusxvr.

159 1279 197 1327 bis
209 1279 252 1343 qui
264 1290 368 1329 centurn
384 1280 490 1329 miiiium
508 1282 566 1329 reris
583 1289 690 1332 autma·
726 1287 767 1332 10.
778 1284 858 1334 Ciacc.

154 1355 237 1418 jurem
260 1370 366 1405 censum
395 1355 531 1418 baberent,
558 1357 690 1420 octoginta
760 1359 806 1407 Cru⁸
817 1373 941 1423 aequesaa
956 1374 1023 1428 corn,
1042 1358 1126 1422 quippe
1142 1359 1257 1420 quaerat·

156 1429 273 1482 'confecit
285 1432 416 1481 centurias
439 1431 615 1496 quadragenas
624 1432 690 1480 seui·
725 1434 749 1482 lu
760 1434 825 1497 sust]
842 1435 874 1484 in
883 1435 1064 1498 manuscriptis
1078 1433 1195 1482 omnibus
1206 1439 1256 1496 eet,

160 1523 232 1557 orum
254 1522 285 1557 ac
309 1508 449 1571 juniorum.
483 1507 581 1556 Primre
602 1507 690 1556 classis
726 1509 764 1557 cui
781 1523 853 1570 seque
867 1524 999 1565 murare·
1020 1507 1147 1574 quomodo
1158 1515 1186 1557 ct
1196 1507 1256 1558 Flo·

154 1596 248 1634 'omnes
270 1583 393 1647 appetisti
419 1583 543 1641 seniores,
566 1581 599 1630 ad
619 1581 689 1631 urbis
728 1583 865 1631 reatinum.
883 1584 938 1634 iiic.

160 1660 302 1709 custodiam
312 1667 340 1707 ut
350 1664 442 1720 presto
450 1665 536 1705 essent
547 1673 553 1704 ι
563 1657 690 1719 juniores,
761 1658 808 1706 Cui
818 1673 889 1720 neque
898 1673 940 1707 orsu
950 1662 1024 1724 caree]
1039 1659 1256 1729 Commeiinianas

155 1740 191 1783 ‘ut
218 1732 281 1783 foris
310 1734 377 1782 betia
405 1741 534 1795 gererent.
573 1731 691 1780 Secunda
727 1730 810 1780 refert
830 1746 902 1788 curor
928 1733 1105 1798 additumque,
1130 1751 1201 1784 curu:
1227 1742 1256 1786 et

161 1808 260 1869 classis,
280 1808 348 1856 intra
366 1821 467 1856 ceusum
483 1805 609 1867 usquead
621 1805 692 1869 quiu-
728 1820 799 1868 reru,
820 1820 885 1867 cara,
904 1814 984 1856 restat
1004 1809 1031 1856 iu
1053 1809 1169 1857 omuibus
1191 1811 1256 1861 item

162 1898 213 1947 qne
233 1890 261 1934 et
279 1881 445 1946 septuaginta
464 1880 570 1928 uriiiium
585 1894 690 1929 censum
728 1882 792 1929 Mas.
804 1881 853 1929 hoc
865 1881 939 1930 modu
950 1896 1056 1946 nempe;
1073 1884 1111 1931 caa'
1127 1898 1199 1947 neque
1212 1899 1257 1937 sse

162 1960 281 2011 instituta
300 1967 348 2010 est.
383 1961 422 2008 Es
443 1959 482 2008 bis
494 1957 637 2007 senioribus
648 1958 691 2022 ju·
727 1970 796 2005 curo.-
813 1956 893 2004 sotum
906 1957 1258 2023 Paisemusrui'neqrsesrta

161 2036 424 2103 niuriburqueriginti
438 2035 691 2097 conscriptaecentu·
727 2046 784 2079 citro
791 2037 845 2089 rut
856 2032 917 2080 item
929 2032 1009 2081 editio
1019 2034 1111 2096 prima.
1129 2035 1257 2087 Gruterus.
1300 2046 1302 2051 '

161 2113 319 2178 riae.'1'ertia
341 2113 440 2172 classis,
462 2111 489 2160 in
507 2111 691 2176 quinquaginta
759 2108 865 2159 Came?
889 2110 1054 2158 caeremoiis
1065 2112 1189 2161 nurum
1201 2112 1258 2161 ioris

161 2188 266 2237 miiiium
278 2202 383 2238 censure
394 2201 450 2235 esse
461 2187 558 2235 uetuit:
581 2187 689 2255 totidem
720 2182 814 2246 sacae]
832 2186 895 2248 Lep.
908 2186 995 2244 credo,
1008 2185 1118 2234 Ceterum
1129 2187 1198 2250 iccio,
1209 2188 1257 2237 atio

161 2265 295 2314 centuria.
329 2263 690 2327 Quartaciaesis‚quinqueet
726 2259 941 2320 aduinusocere.
959 2261 1119 2310 Ciaccuniua.

162 2340 253 2402 viginti
277 2340 400 2388 millium:
430 2339 538 2386 totidem
565 2337 690 2387 centuria
758 2335 822 2383 Nori
848 2342 982 2399 ceteraque
1007 2337 1124 2398 ominare]
1156 2337 1200 2387 Sic
1230 2337 1256 2388 in

161 2413 248 2463 sactae.
281 2416 380 2466 Quinta
399 2415 489 2463 classis
509 2423 602 2461 aucta:
631 2425 690 2461 uam
727 2416 794 2457 orat.
806 2409 838 2459 ue
851 2426 906 2472 rep.
917 2412 998 2463 ordin.
1014 2411 1177 2461 ‘Concordia
1188 2411 1256 2464 inter

163 2489 287 2537 centurie
309 2489 417 2551 triginta
433 2485 590 2535 factasunt.
624 2485 690 2535 iisec
728 2486 1121 2546 veteresernovoscortesoat:
1149 2486 1248 2539 ldm-

163 2563 253 2612 ciessis
273 2563 391 2611 undecim
405 2561 515 2610 millibus
528 2559 690 2609 censebatur.
761 2558 829 2609 Cen.
841 2564 872 2608 88
901 2561 1069 2627 θωιέναρρηη
1087 2578 1154 2612 auum
1165 2564 1258 2614 mirei

164 2637 215 2687 lire
227 2639 320 2687 classes
330 2637 406 2688 sicuti
423 2649 539 2696 numero,
557 2635 598 2683 itu
613 2635 690 2684 umis
727 2634 868 2684 nummo
879 2636 1004 2699 arripitur]
1025 2637 1057 2684 iu
1076 2624 1257 2704 manuscriptis

164 2713 294 2762 distinctae
306 2717 389 2762 creat.
423 2711 489 2760 Nam
510 2709 690 2772 primaclasais
727 2717 777 2772 est,
795 2711 912 2774 excipitur
919 2727 929 2768 ,-
952 2712 978 2760 id
1000 2712 1069 2776 quod
1089 2713 1182 2763 rectiua
1200 2728 1258 2765 ease

162 2787 690 2850 amababebatgaieam,clypenm‚ocre·
727 2793 803 2850 puto:
821 2802 869 2836 nec
882 2788 908 2836 iu
920 2788 1075 2836 Beroatdiuo
1087 2804 1169 2838 secus.
1197 2785 1255 2841 itta.

164 2878 200 2926 as,
211 2864 323 2925 ioricam,
345 2863 471 2922 omnia-ex
482 2875 543 2921 aere,
565 2875 623 2925 quae
634 2875 689 2910 cor·
758 2863 837 2911 dacto
854 2864 933 2928 curua]
954 2864 1020 2914 Quia
1037 2880 1126 2913 revera
1144 2866 1256 2928 optimus

163 2940 232 3002 poris
249 2946 399 3003 tegumenta
413 2943 515 2986 essent:
534 2937 586 2984 teia
597 2937 622 2984 in
634 2934 689 2984 hos·
727 2935 866 2998 imperator
877 2936 970 2995 fuerat,
980 2935 1008 2984 e‘t
1018 2936 1114 2986 beilum
1125 2939 1257 3000 supienter

163 3023 224 3078 terri,
244 3016 342 3064 bustam
367 3009 393 3062 'et
416 3013 538 3076 gladium.
570 3011 691 3060 Secunda
727 3018 755 3063 et
766 3010 880 3060 tiriiciter
891 3020 1013 3074 gesserat.

163 3093 249 3140 ciasais
259 3100 358 3139 scutum
376 3104 423 3152 pro
434 3090 538 3151 clypeo,
554 3095 581 3135 et
596 3094 691 3150 preter
762 3087 881 3149 Molos]
897 3086 965 3135 Vide
976 3101 1054 3150 supra
1065 3101 1123 3150 cap.
1137 3092 1202 3136 1ss
1247 3087 1249 3090 ⁴

162 3167 269 3214 ioricam
277 3167 361 3214 omnia
371 3164 459 3212 eadem
475 3163 596 3212 babebat.
627 3163 691 3211 Ten
714 3156 725 3169 '
761 3165 974 3213 Eunostrr'srociia
982 3165 1258 3228 proedurogerrtes]Ma-

164 3242 202 3289 tie
229 3241 316 3289 classis
337 3240 426 3287 eadem
454 3238 576 3298 babebat,
594 3243 692 3300 praeter
728 3238 909 3301 nuacriptu,ex
926 3240 994 3287 sociis
1004 3240 1105 3288 uoatrir:
1122 3247 1150 3289 ut
1167 3255 1258 3306 sequa-

165 3330 262 3364 ocreas.
286 3307 392 3365 triane
405 3314 492 3361 classis
504 3326 575 3359 arma
587 3318 693 3375 murteta,
730 3319 773 3362 tur
784 3327 936 3376 pronomen:
958 3316 1084 3378 quomodo
1095 3323 1123 3364 et
1134 3315 1258 3380 impressu

164 3390 228 3439 nibii
245 3398 339 3452 prater
358 3391 455 3438 bustam
472 3398 498 3435 et
516 3386 693 3435 rerutunrda·
730 3390 862 3453 pleraque.
884 3390 984 3440 Rivius.

164 3471 227 3514 tum.
262 3466 360 3516 Quinta
370 3465 466 3526 classis,
477 3462 569 3512 fundar
584 3463 693 3526 lapides·
766 3466 885 3516 Exsociia
895 3466 993 3529 naaria]
1011 3467 1259 3524 Videiicetexurbi·

164 3558 214 3607 que
223 3543 330 3591 misius
342 3541 464 3605 gerebat:
483 3541 508 3588 in
518 3540 564 3589 bac
581 3540 692 3604 accensi,
731 3540 787 3601 bus,
796 3548 823 3590 et
834 3557 866 3590 cx
876 3543 943 3603 agris
956 3542 1110 3604 populorum
1118 3541 1258 3606 Numidiae,
1293 3533 1300 3540 ’

165 3619 308 3666 cornicines
321 3618 491 3681 tibicinesque
503 3618 590 3665 intres
602 3624 692 3665 centu·
730 3617 773 3680 qui
786 3630 812 3664 se
822 3619 917 3680 populo
929 3619 1002 3665 Rom.
1014 3617 1176 3667 dediderant.

164 3693 215 3740 rias
235 3694 375 3743 distributi.
409 3694 495 3742 Minor
518 3707 609 3740 census
637 3693 693 3740 reti·
763 3691 844 3753 Cirta]
862 3693 926 3740 Vide
938 3707 1014 3754 supra
1026 3708 1081 3755 rap.
1094 3697 1134 3740 21.

166 3782 241 3832 quam
272 3768 462 3816 multitudinem
495 3766 594 3814 babuit.
627 3764 693 3813 Iride
764 3765 846 3827 Neque
862 3764 916 3813 beiti
935 3767 1055 3829 patrandi,
1065 3767 1117 3830 qu]
1144 3766 1258 3816 Additur

166 3857 216 3892 una
224 3846 341 3893 centuria
352 3843 419 3893 t'acta
430 3843 573 3892 immunisa
593 3841 692 3889 miritis.
731 3839 815 3902 vulgo,
833 3841 930 3902 copiam,
949 3848 977 3889 et
994 3844 1032 3890 sic
1052 3839 1259 3891 constantissime

166 3920 208 3969 lta
220 3921 333 3983 pedestri
344 3922 457 3968 exercitu
468 3927 560 3967 ornato
572 3917 693 3967 distribu·
731 3915 826 3964 hsbcnt
838 3923 890 3963 tam
903 3919 1078 3980 manuscripti,
1096 3932 1170 3981 quarn
1187 3915 1258 3978 typis

166 4001 255 4058 toque,
275 3994 396 4058 Equitum
416 4009 448 4042 err
468 3995 621 4057 primoribus
632 3993 693 4042 civi·
730 3990 850 4053 impressi
866 3991 985 4052 codices;
1019 4000 1045 4042 et
1072 3991 1202 4041 sententia
1220 3990 1259 4041 ita

167 4071 227 4118 tatia
250 4069 387 4117 duodecim
423 4069 526 4130 scripsit
557 4068 693 4116 centurias.
731 4077 990 4132 quoqueapertaest.
1011 4070 1070 4122 Quo
1079 4066 1258 4129 posequnmgta

166 4144 276 4196 Quando
293 4145 372 4207 igitur
384 4144 478 4192 betium
490 4158 579 4206 gerere
591 4150 694 4206 oporte·
730 4146 792 4193 riosu
803 4148 878 4206 ruodo,
889 4161 961 4208 seque
972 4147 1035 4205 seut,
1046 4149 1086 4206 isc.
1112 4144 1258 4196 Priscianus

168 4221 221 4286 bat,
242 4235 275 4271 ex
291 4221 329 4271 tris
340 4220 453 4287 quinque
464 4221 586 4270 cineribus
600 4221 695 4273 mutter
731 4221 896 4284 etiamtunc
912 4222 996 4272 locum
1006 4221 1088 4274 citrns
1098 4221 1117 4273 1.
1128 4232 1209 4273 xurrt.
1220 4235 1257 4274 or·
