2994 5040
430 364 585 432 nntno'u
608 382 779 435 orimum.
801 383 882 436 our.
897 372 953 437 40.
1166 362 1235 445 idi

125 523 325 577 ‘Beroaidinum
342 524 437 577 mdo.
703 529 841 581 beiiieora?
867 532 940 581 Idem
958 532 1025 583 libro
1046 545 1117 586 xxv.
1134 535 1239 590 ‘Deni-

167 607 263 656 trum
284 606 379 655 Goiiien
395 619 453 667 gem
474 603 594 669 bellicoso]
626 607 666 657 Μ.
705 618 755 669 que
765 621 849 672 nequo
868 622 942 673 roges
954 610 1061 659 orientis
1070 611 1126 660 rino
1137 626 1236 664 meroe·

134 682 200 735 cato
221 683 292 742 Oria.
311 686 337 736 t.
352 682 420 744 apud
446 680 620 733 Chusiaiuml.
633 695 665 731 rr.
702 682 776 730 uario
796 683 931 734 Gallorum
956 687 1073 736 exercitu
1096 688 1147 737 ulia
1167 688 1237 750 betia¹

128 760 140 788 ¹
154 759 282 823 Pleraque
298 759 384 808 Gallia
400 758 464 807 duos
475 772 515 806 res
526 757 666 808 industrio·
704 766 939 824 gesseruntmoque
948 762 1012 823 putri
1022 764 1151 826 regno,a‹i
1162 766 1235 830 alios,

126 829 229 885 ’sissimo
247 834 421 899 persequitur,
440 849 495 883 rem
517 833 666 894 militarem,
698 834 826 897 ¹qrammi
838 836 1130 901 Gallosmoni'ugernnt:
1148 849 1236 894 tantur

131 916 160 960 et
176 916 265 974 argute
283 909 372 975 ioqui!
400 910 470 961 Just.
490 923 522 959 ex
542 910 628 973 'i'rogo
647 911 665 960 i.
702 915 788 960 terror
800 912 895 964 Gallici
914 914 1032 978 nominis,
1042 917 1095 964 sive
1107 933 1235 970 armorum

123 990 195 1035 'xxm
221 986 338 1050 ‘Neque
365 998 441 1048 reges
471 984 588 1035 Orientis
608 985 665 1034 siue
701 985 1235 1060 inviotaioeiicituoerat,utaliterneque

123 1062 290 1112 'mercenario
313 1061 450 1111 Gallorum
476 1062 591 1111 exercitu
611 1062 666 1111 ulla
701 1065 865 1128 majestatem
878 1074 1053 1129 roamtutam,
1069 1071 1236 1132 nequeamis·

128 1136 198 1187 bniia
220 1143 367 1200 gememrnt,
385 1152 469 1202 nequo
488 1137 554 1202 pulsi
574 1153 664 1203 regno,
699 1154 754 1190 sam
773 1156 930 1208 recuperare
941 1159 969 1193 se
981 1159 1058 1208 posse
1069 1146 1237 1197 sineGailiou

125 1213 165 1263 ‘ud
174 1212 239 1264 alios
252 1229 327 1281 quam
339 1215 372 1264 ud
380 1216 465 1265 Gallos
473 1214 661 1280 confugerunt:
698 1216 797 1266 virtute
808 1219 1018 1270 arbitrarentur!
1036 1220 1171 1270 Gallorum
1182 1221 1237 1285 qui·

125 1291 219 1342 'tantus
231 1299 314 1342 terror
325 1291 419 1342 Gallici
429 1291 548 1356 nominis,
558 1293 612 1342 uiro
623 1306 662 1342 ar·
699 1293 759 1342 dem
778 1295 857 1344 etium
878 1310 989 1360 corpora
1008 1296 1237 1347 intolerantirsimu

128 1382 228 1418 morum
241 1369 336 1418 invicta
347 1366 458 1418 feliciter
466 1373 534 1429 erat,
544 1372 574 1418 ut
585 1367 662 1417 aliter
699 1372 803 1437 laboris,
818 1381 899 1439 atque
915 1380 994 1423 ustus
1005 1373 1090 1438 fuero,
1101 1376 1236 1441 primaque

127 1458 213 1511 neque
223 1445 384 1509 maiestatem
392 1459 463 1494 ruam
474 1450 662 1509 tutam,ueque
699 1461 788 1496 eorum
810 1449 909 1514 prulia,
929 1450 985 1514 pius
1004 1464 1079 1514 quam
1110 1452 1235 1513 virorum',

129 1524 244 1575 amissam
266 1538 422 1589 recuperare
449 1537 477 1573 se
503 1536 579 1588 poseo
607 1524 662 1573 eine
695 1531 830 1589 postrema
849 1527 936 1580 miuus
964 1541 1041 1592 quom
1072 1525 1235 1577 foeminarum

123 1598 229 1652 'Gallica
243 1602 340 1651 virtute
360 1599 557 1650 arbitrarentur.
573 1597 663 1664 itaque
701 1614 766 1663 esre,
775 1601 862 1651 Livius
873 1609 901 1651 et
911 1603 1003 1652 Florus
1010 1602 1137 1655 scribunt.
1154 1602 1235 1667 Apud

122 1675 155 1724 'in
166 1676 289 1727 auxilium
302 1691 318 1724 a
332 1676 462 1739 Bithyni-u
479 1689 541 1739 roge
560 1675 664 1724 inruon-
701 1674 831 1722 Romanos
841 1676 903 1724 nulli
917 1675 987 1724 bello
1004 1677 1107 1727 Gallico
1119 1677 1238 1726 immuni·

127 1751 159 1815 ti,
179 1766 289 1818 reguum
311 1765 371 1801 eum
392 1765 433 1810 eo,
454 1756 531 1813 parta
547 1749 665 1811 victoria,
701 1755 743 1798 tas
754 1756 817 1813 erut,
828 1756 858 1799 ut
868 1751 906 1799 uit
917 1751 1011 1800 Cicero
1027 1766 1075 1814 pro
1091 1753 1130 1801 Μ.
1141 1754 1235 1802 Fonte-

121 1826 291 1888 'diriserunt3
331 1839 440 1889 eamque
464 1824 664 1886 Gallograeciam
698 1823 738 1888 jo,
750 1831 778 1873 et
792 1831 900 1875 auctore
916 1825 1037 1889 Appiano
1055 1827 1072 1876 l.
1088 1840 1121 1876 rr.
1153 1829 1235 1878 insa-

127 1899 364 1966 eognominamnt.'
397 1899 488 1949 cicero
507 1898 542 1948 de
559 1899 663 1962 irarusp.
702 1901 836 1950 cerdotum
856 1907 884 1950 et
900 1902 1029 1950 seniorum
1049 1903 1116 1967 lego,
1133 1904 1234 1968 qundo

125 1977 275 2042 rrsponrir:
301 1974 410 2027 Artibus
431 1975 527 2037 Ornoi,
544 1972 664 2023 Galllro·
699 1978 861 2027 immunitate
877 1977 929 2027 lata
949 1983 998 2036 est,
1018 1984 1157 2040 exceptum
1173 1977 1235 2040 tlrit,

122 2053 197 2117 bore,
215 2053 327 2118 fflspaui
346 2064 461 2114 numero,
472 2050 548 2100 Puni
565 2049 662 2099 cottid-
699 2055 749 2103 nisi
771 2054 900 2104 Celticum
929 2054 1025 2103 boilum
1049 2055 1174 2107 instaret:
1201 2069 1234 2105 eo

123 2135 183 2182 tate
193 2131 294 2181 valent.
311 2129 409 2178 Moror.
698 2129 765 2179 euim
777 2131 889 2181 instante
899 2129 1059 2192 sacerdotes,
1068 2131 1235 2195 senioresque

124 2215 127 2220 '
158 2207 280 2256 Protereu
301 2206 365 2268 quod
384 2210 471 2255 notura
486 2219 546 2268 gera
564 2204 659 2253 Gotiiru
695 2208 722 2258 iu
734 2209 811 2257 armis
820 2222 876 2258 esre
888 2207 1046 2272 oportebat:
1062 2221 1122 2254 uam
1134 2204 1236 2256 Gallica

123 2282 310 2346 irliimmmet,
320 2281 410 2346 focile]
432 2283 596 2346 Scripsissem
614 2294 659 2346 po·
698 2291 776 2348 geute
794 2286 866 2334 nulla
887 2283 1012 2334 Romanis
1036 2279 1235 2331 formidabilior.

126 2361 313 2424 tior,praeterro
329 2364 416 2408 aotam
431 2358 557 2420 bettieooor,
569 2357 660 2419 sorite.-
699 2364 789 2414 mh,
1128 2380 1133 2385 ·

124 2436 175 2499 itu,
184 2436 286 2501 inquam
296 2451 345 2502 ego
362 2436 529 2500 scripsissem,
546 2433 591 2497 qui
606 2434 661 2484 Sal·
732 2439 889 2502 Negotiator]
904 2437 1053 2488 Umbrenus
1064 2433 1117 2488 fnit
1134 2422 1266 2485 liberti-'⁸

125 2510 412 2575 lustiuruonsnm,oui
423 2510 662 2574 tameunitiiiprae·
698 2528 740 2563 nae
753 2514 920 2563 conditionis.
951 2509 1234 2562 Nobilibusonirnsiro

127 2587 222 2639 rcribo.
257 2587 384 2637 Gruterus.
699 2591 816 2655 patriciis
838 2589 908 2655 apud
936 2590 1065 2639 Romanos
1093 2586 1234 2638 interdieta

162 2665 256 2714 Gallico
276 2679 336 2726 geue
354 2664 459 2714 britiom
478 2665 548 2728 esset]
571 2662 661 2713 Gallos
699 2674 923 2719 eratmeroutura.
940 2664 1234 2716 TestaturetPhiioso·

126 2741 196 2791 iuter
215 2739 314 2790 serrum
334 2747 363 2791 et
382 2754 453 2790 rnna
469 2746 543 2789 natos
559 2737 661 2789 feroces
697 2743 763 2808 phur
775 2745 792 2795 i.
810 2757 854 2793 nr.
875 2742 955 2792 Polit.
973 2756 997 2792 o.
1015 2744 1040 2790 t.
1057 2740 1141 2804 legem
1153 2738 1234 2790 t'uisra
1268 2766 1270 2769 ·

126 2829 185 2867 turn
208 2822 302 2881 tuopte
326 2815 439 2881 iugenio,
459 2819 514 2864 tum
536 2814 660 2864 advenas
698 2819 766 2884 apud
777 2814 920 2882 lnebauo's,
936 2823 965 2868 ut
976 2831 1052 2867 nemo
1065 2815 1176 2881 Reipub.
1189 2816 1234 2865 ad·

126 2894 269 2945 Romanum
288 2893 421 2957 poputum,
440 2891 527 2940 tirius
547 2896 660 2942 testatur
696 2903 852 2959 moveretur,
877 2895 928 2944 nial
955 2908 1004 2958 por
1031 2894 1123 2941 decem
1152 2905 1233 2940 annos

124 2969 144 3020 l.
156 2983 183 3019 x.
195 2969 269 3020 idem
288 2969 315 3018 in
334 2981 355 3018 r.
367 2968 469 3018 Deoad.
487 2971 512 3017 t.
530 2966 563 3016 de
582 2967 661 3016 Anni·
697 2979 847 3020 mercatura
857 2969 1011 3019 destitisset.
1034 2969 1070 3016 Et
1080 2966 1159 3014 Plato
1171 2965 1233 3014 abbi

128 3045 189 3095 baie
207 3047 331 3110 ioqueur:
359 3044 491 3094 ‘Trahere
512 3058 598 3093 secum
620 3049 661 3094 tot
696 3047 791 3095 rilibns
803 3043 952 3096 ministeriis
969 3044 1122 3089 annumerat
1137 3051 1235 3087 merca·

128 3122 230 3172 excitos
246 3123 418 3185 Hispanorum
439 3120 557 3185 populos,
574 3120 661 3170 conci·
697 3129 792 3172 turam.
826 3120 877 3169 Sed
897 3123 969 3167 recte
986 3116 1097 3164 muitum
1108 3114 1235 3164 iuteresse

128 3202 243 3248 tatnrum
255 3197 340 3249 aridas
349 3210 451 3261 semper
461 3209 589 3245 armorum
598 3195 660 3245 Gai·
698 3199 767 3247 inter
775 3198 853 3247 ritem
866 3202 895 3244 ot
910 3192 1072 3256 magnificum
1082 3189 1236 3255 negotiatio·

127 3271 312 3338 iioasgeutes!
334 3272 406 3323 idem
426 3270 505 3323 aiibi:
522 3269 661 3320 ‘Gentio
697 3289 757 3325 uem
785 3271 919 3336 respondit
945 3270 983 3319 M.
1005 3267 1107 3318 Tullius
1132 3266 1233 3318 Cicero.

125 3360 184 3413 ror,
196 3356 224 3399 et
235 3349 329 3414 ingenii
340 3347 410 3398 avidi
420 3347 454 3397 ud
470 3359 591 3411 pugnum,
602 3358 661 3394 oum
696 3349 822 3402 Romani.
843 3354 914 3399 certe
930 3345 1100 3398 senatoribus
1117 3358 1233 3409 quocun.

125 3427 215 3490 procui
228 3424 289 3475 ririt
298 3423 606 3486 Romtnorututignimut
617 3433 662 3470 Εἰ·
698 3441 749 3492 quo
759 3424 835 3474 modo
853 3423 977 3473 indecora
993 3421 1081 3471 habita
1100 3427 1140 3470 est
1152 3421 1234 3470 omnis

126 3503 226 3568 templo
237 3501 355 3566 proelium
373 3500 478 3562 initura,
493 3497 662 3562 explicuisset
698 3501 848 3565 negotiatio.
881 3499 980 3563 Legem
998 3497 1136 3563 aliquando
1155 3497 1233 3546 Clau.

126 3577 227 3630 aciem:
259 3579 406 3628 D.Bmtns
427 3575 453 3623 in
473 3572 583 3637 quadam
595 3572 661 3636 epis·
698 3577 766 3627 diam
784 3575 907 3625 adversor
925 3576 1047 3624 Senatum
1067 3574 1145 3622 iatam
1169 3572 1234 3638 iegi-

125 3653 179 3703 tola
200 3653 233 3704 ad
261 3654 424 3714 Ciceronem,
447 3648 567 3700 ‘Gallor'
597 3647 662 3697 dicii
698 3668 765 3715 mua,
780 3666 813 3701 ue
824 3651 944 3711 Senator,
955 3649 1032 3714 quire
1046 3650 1176 3699 senatoris
1187 3661 1233 3710 pa-

125 3728 260 3778 ‘omnium
286 3725 512 3778 bellicosissimos!
539 3725 661 3789 lustinus
699 3736 740 3778 tor
751 3736 801 3789 est,
820 3727 974 3775 maritimam
995 3723 1079 3774 navim
1096 3725 1233 3791 piusquam

125 3803 145 3854 l.
159 3816 240 3852 nir.
256 3805 365 3855 ‘Eritis
376 3805 462 3870 portio
479 3802 662 3853 initaliacou·
699 3810 875 3855 trecentorum
899 3803 1077 3865 amphorarum
1105 3800 1234 3856 baberet;

125 3878 208 3938 rodii,
224 3893 281 3943 qnae
293 3886 321 3930 et
338 3881 427 3931 urbem
442 3882 582 3930 Romanam
600 3890 661 3941 cup·
699 3880 829 3932 enimenim
842 3875 958 3927 sufficere
968 3877 1000 3927 ad
1010 3876 1152 3927 voomndor
1165 3868 1234 3918 fruc·

125 3963 180 4007 tarn
189 3954 317 4020 incendit,
327 3964 354 4006 et
365 3957 450 4020 portio
460 3955 580 4021 illyricos
591 3954 660 4003 rinus
699 3964 739 4007 tur
750 3970 783 4005 ex
792 3954 869 4018 agris.
907 3953 977 4005 Quid
990 3954 1024 4002 ibi
1041 3952 1129 4001 Lirim
1140 3943 1233 3993 floren·

125 4031 235 4083 (lucibus
244 4031 334 4081 tribus
342 4032 413 4096 (num
423 4030 566 4098 augurandi
575 4028 660 4080 studio
698 4034 812 4084 tissimus
822 4031 929 4081 auctor?
955 4031 1002 4079 troc
1013 4029 1051 4077 ita
1061 4021 1232 4073 coustitutum

126 4108 196 4159 batti
204 4115 303 4174 prater
311 4115 412 4159 ceteros
422 4108 532 4173 callent)
541 4122 589 4172 per
596 4114 661 4156 stra·
695 4110 790 4170 tradit,
809 4109 870 4173 qnia
887 4106 969 4155 omniu
986 4107 1098 4167 quaestor
1115 4093 1233 4182 putribus

127 4184 662 4253 gmiiarbarornmpenetrsrit,etiui'un·
699 4181 972 4236 rieureatlndeooms.
1005 4177 1086 4224 Extat
1096 4177 1124 4220 et
1136 4183 1163 4218 tn
1173 4184 1231 4222 etro

127 4259 207 4310 uoti·
216 4263 344 4316 eomedit.
374 4263 559 4329 Gtmmpem,
568 4259 663 4326 audax,
697 4253 1000 4321 remlmp.reroriptum
1014 4247 1041 4298 ln
1058 4246 1076 4297 i.
1096 4259 1132 4297 rr.
1151 4246 1181 4299 C.
1198 4247 1232 4299 de
