2994 5040
106 348 108 354 ’
192 342 262 420 ’848
395 394 399 402 .
564 354 755 416 anonssus
778 353 944 404 conrouu

242 500 414 568 K.1).42.
437 499 577 577 Sallust.
588 500 766 563 membran.
780 513 858 561 xrv.
870 497 927 560 vel
943 512 1009 560 111.
1025 501 1111 569 cent.
1127 496 1317 588 Continet(

196 605 295 670 etiam
322 603 472 666 fabulam
494 601 537 664 de
564 599 733 665 Cantabro
759 605 792 663 et
817 599 1043 679 cantabrigia,
1073 619 1095 662 a
1126 591 1308 662 Chronico

197 704 422 788 Croylandiae,
438 711 470 766 et
488 701 681 766 Tractatum
696 703 739 765 de
755 701 976 779 Indulgentia.

240 804 412 868 Canonici'
427 804 500 866 Lat.
525 803 601 881 142.
624 802 761 865 Sallust.
786 800 827 863 de
852 800 941 862 Bell.
967 799 1068 862 Rom.
1094 800 1186 862 circa
1210 817 1295 862 saec.

197 905 484 969 xrv.-Canonici
500 905 573 967 Lat.
596 904 671 967 143.
693 903 876 965 membran.
898 902 1002 964 illum.
1019 903 1109 964 circa
1127 921 1209 963 saec.
1227 917 1296 964 Χν.

194 1007 401 1085 -Canonici
432 1007 506 1069 Lat.
533 1006 610 1067 144.
638 1003 778 1066 Sallust.
805 1002 848 1064 de
878 1001 965 1064 Ball.
990 1000 1204 1080 iugurthino:
1239 1001 1317 1089 cui-

198 1107 405 1190 subjungitur
419 1104 553 1168 Tullius
575 1104 616 1166 de
634 1103 825 1166 Senectute.
870 1100 985 1166 Verba
1003 1099 1076 1161 haec
1099 1102 1207 1162 inania
1229 1102 1298 1164 sub

196 1209 281 1273 line:
306 1207 419 1284 ‘Quis
442 1206 576 1288 scripsit
595 1205 680 1268 huno
701 1205 820 1267 librum
843 1222 906 1266 sua
928 1201 1039 1263 anima
1059 1201 1093 1261 in
1109 1200 1300 1264 Paradiso.'

199 1308 249 1372 Hi
263 1306 363 1371 codd.
381 1305 466 1367 Mss.
480 1304 653 1380 canonici,
671 1310 707 1367 ut
721 1322 825 1384 supra
839 1302 964 1365 dictum
979 1306 1041 1376 est,
1057 1319 1124 1363 non
1138 1301 1245 1366 adhuc
1260 1303 1301 1376 iu¹

198 1407 351 1482 ordinem
363 1412 439 1468 sunt
454 1403 588 1468 redacti.

242 1503 367 1569 Codices
384 1501 615 1566 D’Orvilliaui.
640 1520 679 1566 x.
706 1505 738 1567 1.
761 1502 793 1565 3.
818 1501 871 1566 18.
893 1503 978 1566 inter
999 1502 1099 1583 plura
1120 1501 1302 1577 Ciceronis,

198 1608 341 1676 continet
356 1605 538 1668 orationem
553 1603 707 1667 Sallustii
722 1589 758 1665 in
771 1600 979 1666 Ciceronem.

240 1723 280 1770 Χ.
296 1708 328 1769 l.
344 1707 376 1769 3.
392 1706 446 1768 20.
470 1706 554 1767 inter
575 1704 674 1786 plura
689 1701 862 1767 Ciceronis
887 1702 989 1765 babet
1008 1699 1049 1766 0.
1072 1702 1222 1766 Sallustii
1245 1704 1296 1767 in-

196 1809 361 1873 vectivam
375 1808 409 1870 in
423 1806 634 1871 Ciceronem.

240 1926 280 1975 Χ.
295 1911 327 1974 1.
342 1910 375 1973 3.
390 1910 445 1973 30.
461 1908 641 1973 Sallustius
656 1906 698 1970 de
711 1905 811 1969 Bello
824 1904 1019 1970 Catilinario
1035 1904 1294 1986 etJugurtbino.

197 2008 285 2075 Cod.
300 2010 480 2074 membran.
500 2008 535 2073 ff.
556 2009 610 2074 53.
635 2011 669 2072 in
692 2007 769 2073 Fol.
792 2009 935 2089 scriptus
959 2023 999 2070 Χ.
1016 2005 1069 2069 die
1093 2006 1295 2072 Decembris

198 2129 229 2175 a.
246 2111 342 2174 1417.

242 2228 282 2276 Χ.
297 2212 329 2274 1.
343 2211 375 2274 3.
397 2211 452 2274 31.
479 2210 658 2274 Sallustius
685 2210 727 2273 de
753 2208 853 2274 Bello
877 2207 1087 2284 Catilinario,
1113 2207 1294 2273 (1.1-94.

198 2310 350 2375 continet
364 2310 464 2371 etiam
480 2308 652 2386 Quasdam
669 2309 942 2374 Declamationes
958 2308 1094 2374 Coluthi
1112 2309 1310 2374 Florentini-

197 2409 295 2472 Vatis
309 2407 352 2469 de
367 2400 525 2471 laudibus
540 2407 728 2470 Lucretiae.¹
1131 2474 1137 2479 ,

239 2509 293 2571 Ex
313 2494 476 2588 Colle'giis
494 2504 697 2590 Magdaleuse
719 2510 830 2588 babet,
852 2532 885 2576 n.
900 2512 975 2576 218.
992 2511 1142 2576 Sallustii
1156 2510 1294 2576 Bellum

196 2608 425 2673 Catilinarium
440 2618 474 2673 et
490 2610 623 2690 Bellum
634 2610 879 2692 iugurthinum,
895 2632 961 2676 nna
975 2634 1049 2677 cnm
1063 2613 1296 2696 explicatione·

196 2711 400 2794 quarundam
415 2730 533 2774 vocum
546 2711 710 2774 Sallustii.
747 2712 836 2776 Haec
852 2714 1038 2796 explicatio
1054 2714 1140 2777 duas
1151 2715 1293 2795 paginas

196 2817 229 2873 et
243 2811 415 2873 dimidium
429 2812 556 2893 implet.
601 2810 829 2893 Amplectitur
845 2815 944 2876 etiam
959 2814 1011 2903 bic
1026 2814 1103 2878 cod.
1120 2812 1294 2878 Ciceronis

196 2909 316 2975 Officia
329 2913 449 2974 eadem
468 2931 568 2976 manu
588 2913 724 2994 scripta,
741 2915 817 2976 item
833 2914 971 2978 Guarini
987 2914 1191 2977 Veronensis
1207 2913 1295 2980 Ora·

193 3012 311 3076 tiones,
357 3014 397 3076 In
420 3015 482 3077 fine
505 3014 601 3078 unius
622 3034 665 3077 ex
688 3016 894 3079 orationibus
916 3015 1081 3078 indicatur
1101 3033 1204 3077 annus
1220 3035 1292 3097 quo

194 3113 384 3194 exscriptus
399 3114 461 3177 suit
476 3114 529 3177 hic
545 3115 669 3190 codex,
685 3115 781 3179 1448.

238 3209 359 3275 Novam
378 3211 546 3297 Collegium
562 3215 714 3297 possidet
728 3217 806 3280 cod.
823 3217 889 3280 Ms.
905 3218 962 3298 qui
977 3236 1053 3280 cum
1068 3214 1229 3280 Cicerone
1246 3218 1292 3283 de

194 3312 322 3378 Officiis
337 3316 548 3397 amplectitur
559 3316 698 3379 Sallust.
712 3317 754 3379 de
768 3317 1002 3401 conjuratione
1015 3317 1184 3395 Catilinae,
1200 3319 1294 3401 ejus-

192 3408 277 3480 dem
297 3413 497 3481 invectivam
526 3420 560 3480 in
587 3415 796 3495 Ciceronem,
825 3420 1026 3484 invectivam
1053 3419 1225 3484 Ciceronis
1257 3423 1294 3486 in

193 3517 399 3596 Sallustium,
415 3526 447 3581 et
460 3519 597 3583 Sallust.
614 3519 656 3581 de
674 3520 772 3583 Bello
787 3521 810 3584 J
813 3522 995 3602 ugurthino.

238 3613 319 3676 Coll.
356 3617 389 3679 S.
427 3616 543 3683 Jolzou.
581 3619 678 3704 Bapt.
714 3623 816 3687 habet
851 3624 1000 3689 Sallustii
1037 3623 1161 3706 Opera,
1199 3626 1295 3692 circa

193 3730 275 3777 saec.
293 3729 358 3777 xv.

684 3904 794 3954 NOTAE

224 4005 328 4091 {Codri
338 4005 435 4056 lieret
446 4005 561 4071 impressi
572 4009 717 4061 D'Orvilli-
755 4013 832 4063 Bodl.
852 4023 1023 4066 asservantur.
1054 4016 1138 4066 Oxon.
1164 4021 1294 4089 eTypo.

191 4091 232 4127 am
243 4094 302 4130 cnm
311 4082 377 4132 notin
389 4083 453 4133 1111.
463 4083 507 4148 qni
518 4084 545 4134 in
555 4084 718 4140 bibliothece
756 4089 865 4154 graphio
876 4091 1089 4159 clarendoniano,
1099 4097 1171 4146 18⁰0.
