2994 5040
282 379 348 445 rao
422 392 578 443 uorr'rrs
602 384 813 447 uinearum
838 394 886 442 on
909 396 942 443 c.
959 395 991 441 o.
1008 392 1229 444 sannusrro.

281 544 361 597 extat
375 535 431 594 hoc
445 534 551 593 titulo:
574 541 583 568 ⁴
598 533 724 594 Sallustii
743 534 771 591 in
791 533 961 592 Ciceronem
980 535 1185 604 controversia,
1201 542 1229 592 et
1244 533 1331 610 hujus
1344 534 1375 593 in

280 630 382 689 illum!
416 629 538 688 Minime
553 638 611 687 tarn
625 629 817 705 despicabilis,
833 648 919 705 quam
934 630 1066 687 Carrioni
1080 629 1204 699 videtur,
1222 631 1272 708 qui
1293 631 1376 707 inep-

281 726 421 784 tissimum
436 727 603 802 Soplristam
619 735 714 794 vocat,
729 726 784 784 etsi
807 733 865 784 tarn
884 727 1023 803 antiquus
1037 745 1093 783 nou
1108 737 1162 795 est,
1179 747 1268 803 quarn
1283 727 1375 784 videri

282 823 364 899 cupit
380 821 484 897 jndice
499 821 618 879 Barthio
632 837 757 879 xxxrn
776 818 821 878 16.
837 819 989 878 Adversas.
1033 823 1165 878 Veterem
1187 822 1375 898 interpretem

281 918 310 976 in
322 918 390 976 Sall.
402 918 601 977 catilinarium
613 938 649 975 ex
662 917 837 975 membranis
848 918 929 976 Paul.
941 918 1090 994 Stephani,
1103 916 1205 974 laudat
1213 917 1377 976 Goldastus

193 1024 196 1028 '
281 1013 626 1091 notisadEginhurd.p.
646 1022 711 1080 175.
773 1052 777 1059 ι

251 1144 254 1153 ·
322 1110 451 1167 Sallustii
463 1107 605 1166 Historias
618 1126 634 1164 e
650 1116 719 1164 vett.
731 1108 863 1164 Grumm.
878 1105 1089 1163 illustraverant
1100 1109 1191 1180 Asper
1204 1115 1232 1162 et
1243 1106 1378 1164 Statilius

164 1226 167 1233 ·
281 1204 440 1274 Maximus,
455 1202 566 1262 laudati
585 1220 603 1258 o
626 1201 765 1258 Charisio.
808 1200 961 1257 Historias.
975 1202 1083 1276 pariter
1105 1201 1194 1259 libros
1218 1213 1249 1260 et
1272 1203 1377 1259 bellur.

280 1300 349 1376 Jug.
360 1298 484 1357 etCatil.
497 1297 549 1369 (ita
562 1296 637 1352 enim
653 1295 782 1371 intelligo
795 1295 899 1353 vocab.
909 1293 1038 1367 βελλῶν)
1048 1298 1156 1355 Graece
1169 1298 1377 1374 interpretatus

280 1402 326 1452 est
348 1391 498 1458 Zenobius,
523 1389 612 1448 Suidu
634 1399 716 1447 teste.
759 1388 818 1447 Sed
842 1389 905 1448 haro
931 1391 1028 1450 omniu
1052 1391 1140 1451 hodie
1164 1393 1377 1466 desiderantur,

280 1485 401 1564 perinde
424 1495 456 1545 ut
480 1485 573 1544 Asinii
598 1484 737 1544 Pollionis
758 1483 840 1552 liber,
864 1504 924 1560 quo
945 1486 1072 1545 Sallustii
1095 1488 1213 1564 scripta,
1236 1497 1269 1547 ut
1290 1489 1377 1549 nimis

280 1581 438 1660 piscorum
453 1580 603 1638 verborum
625 1579 812 1638 affectatione
832 1581 934 1651 oblita,
949 1583 1143 1660 reprehendit,
1157 1594 1230 1642 teste
1243 1587 1325 1644 Suet.
1347 1587 1377 1644 in

188 1694 194 1703 ⁴
282 1678 415 1736 Gratum.
429 1697 457 1735 c.
473 1684 522 1736 20.
564 1676 683 1735 Junium
698 1675 860 1734 Maximum
877 1677 1005 1736 Sallustii
1021 1678 1170 1736 Historias
1187 1679 1215 1736 in
1229 1680 1378 1757 Compen-

281 1771 362 1831 dium
377 1771 499 1839 misisse,
515 1770 608 1828 innuit
622 1770 731 1829 Statius
746 1786 792 1828 1v.
813 1781 843 1830 4.
858 1772 968 1851 Sylvar.
983 1775 1089 1832 Graeca
1103 1774 1230 1832 Sallustii
1244 1776 1376 1836 versione

282 1877 411 1927 usus-est
424 1867 592 1944 Stephanus
606 1868 677 1946 nyz.
693 1868 722 1925 in
737 1870 847 1940 ligetis!
886 1913 889 1918 .
1002 1917 1004 1920 s

773 2025 884 2076 No‘rAE

316 2118 388 2169 'His
398 2119 482 2168 odda:
499 2118 587 2168 Tureii
597 2117 655 2168 Rufi
664 2117 809 2181 Aproniani
849 2120 972 2170 Pevernti
999 2122 1137 2187 separatim
1170 2123 1246 2173 editis
1274 2125 1376 2178 Ferrar.

281 2201 355 2245 notes
373 2210 406 2244 ex
423 2195 503 2259 antiq.
519 2193 564 2243 ltu.
586 2194 682 2257 scripto
700 2195 810 2244 insertas
849 2198 921 2246 nar.
932 2202 957 2246 t.

281 2271 348 2320 notls
375 2272 400 2320 iu
424 2268 572 2320 Sallustlum
601 2267 694 2333 Angeli
717 2269 809 2319 Mariae
