3000 5040
80 383 95 396 “
189 367 271 440 ,tm
487 404 511 429 .-.
538 375 646 427 norst
670 373 872 425 vsnuunuu
896 370 936 422 ιιι
1021 411 1028 421 .

198 525 207 553 ‘
219 522 276 575 Per
288 525 402 573 surm
413 519 516 571 aedilem
525 518 625 570 fretun
635 519 681 584 qui
693 518 732 568 la·
764 516 813 580 ipsi
823 514 953 566 libuisset:
966 513 1093 580 quomodo
1101 511 1299 566 Justixisnnslxu

199 599 254 664 giis.
265 597 372 648 solrst:'
389 603 417 646 et
437 594 572 647 Sellustius
587 596 615 645 lu
631 595 728 658 ,lugur-
765 590 1297 656 pmfsuooequsdnudigestomm,‘spsr·

198 677 253 738 tis,
264 675 331 724 Dein
342 673 416 738 quasi
436 688 482 737 per
499 683 613 724 suturam
625 679 728 722 santen-
765 667 813 716 sim
831 674 859 717 et
870 667 942 731 qnasi
958 681 1005 730 per
1021 674 1133 716 suturam
1154 667 1298 716 collectum-

197 751 242 801 tiis
258 749 402 815 exquisitis,
415 750 441 797 in
454 748 613 799 deditionem
632 748 729 812 scripi-
765 742 837 807 opur'
858 742 936 802 dieit;
951 746 959 771 ‘
973 742 1030 791 utili
1048 743 1181 792 inutilibus
1202 745 1299 802 mixto,

131 830 134 839 '
198 825 273 875 tnr.'’
305 825 429 886 liidesne,
444 829 474 874 ut
494 824 537 873 hie
554 824 581 872 in
603 824 728 874 eitstlous
765 819 877 868 meximu
892 825 976 867 tsmen
987 823 1062 881 parte
1071 817 1206 866 inutilibus
1215 818 1296 881 depu-

199 900 343 951 Diomedes
353 903 435 964 legem
448 900 692 951 omittatiSednee
701 899 734 948 in.
765 894 1048 959 tste,‘ntipseinqnit.
1082 895 1151 944 Nam
1168 896 1296 944 variarum

199 976 408 1040 Merseburgdnsi
420 976 533 1027 additur.
554 977 615 1026 Sex.
628 989 730 1041 quoqne
766 985 854 1021 rerum
861 970 1000 1020 mixturam
1012 971 1120 1034 sparsim
1132 985 1163 1019 se
1174 971 1245 1019 nullo
1256 985 1296 1019 or-

199 1051 443 1116 Pompejuseodem
453 1052 728 1115 modueitrt,quomo·
766 1046 827 1096 diue
848 1053 1037 1110 congestarum,
1058 1050 1165 1109 satyrum
1191 1053 1298 1095 veteres.

199 1131 466 1197 deiomsnuserlptis
478 1142 528 1182 est.
552 1129 729 1191 ‘Sutura,’in-
766 1122 942 1187 appellabant.
976 1123 1080 1172 Mecum
1092 1121 1207 1171 Aleistus
1220 1121 1294 1171 iseit.

200 1207 268 1271 quit,
283 1207 291 1238 ⁴
304 1213 345 1257 ert
356 1207 408 1256 eibi
424 1221 504 1272 genus
520 1221 553 1255 rx
564 1205 640 1255 rurlis
653 1203 728 1253 rebus
765 1197 861 1263 Neque
879 1199 1015 1248 admodum
1037 1199 1225 1262 eorumprobo
1239 1197 1297 1260 epi·

199 1281 339 1333 conditum.
381 1278 428 1332 ms
450 1286 478 1330 et
499 1281 540 1330 lex
561 1280 649 1329 multis
671 1278 728 1328 eliis
766 1275 1102 1340 aionem,quihicsutususs
1118 1275 1297 1335 legenrintelli·

92 1369 95 1375 ·
199 1356 438 1422 ooniertslegibns.
455 1354 733 1420 ltaqneinsanetione-
766 1357 908 1416 euntque
924 1352 1017 1401 multas
1032 1353 1100 1416 ipsas
1114 1367 1156 1401 res
1168 1352 1297 1414 complec-

198 1433 287 1497 legum
302 1432 465 1482 adscribitur.
494 1432 575 1481 Nm
584 1443 639 1481 run
649 1442 729 1480 surr·
767 1434 846 1490 tatur,
856 1426 1068 1491 quemadmodum
1078 1428 1208 1492 ,iugurtha
1219 1427 1256 1477 sit
1270 1425 1295 1475 in

199 1519 261 1556 nuru
273 1519 422 1556 unxonxru
431 1520 486 1555 suu
495 1505 662 1556 unoaxro!
677 1503 730 1555 An·
768 1503 924 1553 deditionem
937 1504 1123 1566 aceeptus,sed
1132 1505 1218 1553 multis
1230 1517 1297 1567 pree·

197 1582 260 1631 ulus
269 1584 367 1632 Luscus
377 1583 404 1631 in
416 1597 448 1631 es
462 1597 538 1646 quens
557 1581 623 1631 dixit
639 1580 731 1630 sdver·
767 1579 871 1643 seriptis
879 1579 1080 1645 conditionibus,
1089 1586 1119 1629 ut
1137 1592 1207 1628 xxx.
1220 1579 1299 1629 daret

198 1671 242 1706 sus
250 1657 310 1708 'ills⁸
320 1657 482 1707 Gracchum:
496 1655 732 1721 ‘imperiumquod
767 1655 928 1719 elephantos,
939 1669 1017 1717 pecus
1025 1661 1103 1720 etque
1114 1670 1193 1719 equos
1202 1655 1299 1703 multos

198 1732 289 1796 plebes
298 1746 346 1796 per
357 1739 470 1782 seueram
484 1731 602 1795 dederat,
618 1730 646 1780 id
656 1731 733 1781 abre·
767 1746 827 1781 enm
848 1745 941 1795 magno
960 1731 1061 1795 argenti
1082 1730 1215 1795 pondere:
1237 1743 1298 1778 uem

199 1819 289 1872 gutum
298 1808 358 1858 est?
384 1808 477 1858 Paullo
497 1814 557 1872 post
573 1807 644 1857 idem
654 1808 703 1856 hoe
714 1821 731 1856 e
767 1807 804 1858 sio
815 1806 870 1856 fere
880 1815 908 1857 et
920 1808 1042 1857 lirssmus
1059 1806 1259 1866 Reterodsmus,
1268 1811 1297 1855 et

199 1882 331 1948 iugurrus
347 1884 460 1934 Sallustii
477 1885 623 1948 exemplum
645 1882 729 1934 affert.
768 1883 1093 1948 FranciseusPlrilelphus.
1119 1884 1214 1931 Verum
1223 1880 1298 1943 prior

197 1959 294 2007 ‘Deio
308 1966 413 2021 postera
433 1960 484 2022 die,
502 1961 574 2023 qnasi
591 1974 639 2022 per
660 1967 730 2009 sstu-
767 1959 897 2009 metentis
907 1960 989 2022 magis
1000 1959 1114 2009 arridet:
1126 1955 1302 2016 utvidelieet,

199 2046 256 2080 rem
275 2033 409 2081 sententiis
427 2034 563 2096 exquisitis
582 2034 608 2082 iu
623 2034 731 2083 deditio·
767 2041 935 2099 persuturam,
943 2034 976 2083 sd
985 2033 1153 2097 perticipium
1163 2031 1299 2095 exquisitis,
1342 2083 1344 2087 ,

198 2119 257 2157 nem
281 2107 426 2171 sculpitur!
465 2112 624 2174 Quamquam
651 2110 734 2159 hodie
766 2124 817 2159 uon
840 2109 1001 2159 adverbum
1021 2109 1143 2172 accipitur,
1164 2107 1297 2170 pertinere

198 2189 321 2245 corrupte
341 2184 366 2232 in
387 2184 576 2248 exemplaribus
595 2184 638 2233 lule
656 2184 727 2234 loeus
760 2185 914 2248 judicemus
946 2184 1041 2234 Rivius
1296 2223 1300 2232 .

199 2259 269 2324 apud
280 2263 384 2327 Festum
394 2263 497 2326 legitur.
530 2263 573 2313 Sie
588 2267 675 2312 sutem
691 2277 739 2316 su·¹
797 2259 910 2324 Satyrum
927 2259 1014 2322 hm]
1032 2256 1191 2323 Dietionem,
1212 2260 1297 2322 legere,

197 2336 318 2384 turasius
337 2337 426 2386 uddito
444 2336 606 2386 susbstantivo
624 2336 728 2399 dieitur,
767 2337 920 2399 sustulimus,
953 2343 1071 2388 veterum
1108 2336 1296 2401 exemplarium

199 2415 310 2477 ntupud
323 2414 525 2486 Fuluium-eiricus.
559 2413 665 2464 ‘Diuus
678 2413 731 2464 Au·
766 2412 1048 2464 auctoritatesddneti.
1081 2413 1213 2462 Mmutius.
1293 2448 1296 2460 .

200 2490 306 2552 gustus,'
315 2491 491 2554 inquit,‘eum
499 2492 522 2541 ei
532 2491 602 2542 Gelli
611 2498 734 2556 torquens
800 2489 865 2539 Deis
881 2494 975 2553 postero
990 2488 1115 2552 die‚quasi
1131 2503 1174 2550 per
1189 2493 1298 2537 saturum

198 2573 337 2616 aurenm'n.
355 2565 441 2628 pondo
458 2565 598 2628 dedissent,
615 2574 644 2615 et
653 2565 731 2616 Dols·
766 2566 889 2616 montiis
899 2567 1031 2631 exquisitis,
1041 2564 1094 2630 qa]
1116 2564 1158 2613 Sic
1174 2563 1297 2614 Justinim

198 2639 269 2688 bellu
287 2655 334 2701 per
347 2641 446 2701 jocum,
459 2647 562 2688 teuteus
579 2648 666 2690 tamen
673 2640 730 2703 joel
766 2654 815 2690 nus
833 2642 860 2690 in
880 2642 1031 2705 praefatione
1048 2640 1158 2704 quadem
1175 2639 1297 2701 Digesto«

198 2713 236 2762 sui
250 2720 380 2771 eventum,
393 2712 512 2776 dixisset,
523 2713 668 2775 imperetur
678 2721 730 2762 tor·
767 2732 837 2766 rom:
854 2717 983 2780 ‘sparsim
993 2725 1020 2765 et
1032 2715 1106 2781 quasi
1119 2729 1167 2778 per
1183 2720 1296 2765 sstturnm

199 2801 298 2852 queme
308 2787 388 2836 dona:
407 2787 479 2835 Malo
492 2794 527 2847 te,
537 2787 632 2850 inquit,
647 2786 729 2837 civica
767 2792 906 2840 collectum
915 2806 978 2855 opus
989 2791 1069 2840 dicit:
1087 2790 1144 2839 utili
1163 2789 1297 2838 inutilibus

198 2863 295 2913 donare
305 2863 321 2913 ι’
356 2861 508 2912 subauditur
528 2870 616 2912 antem
637 2879 731 2922 aurosa.
767 2866 980 2926 mixto,manims
998 2872 1086 2914 tamen
1105 2871 1180 2926 purte
1199 2864 1296 2913 inutili·

198 2938 243 2989 ste
262 2939 330 3003 spud
349 2939 474 2988 Senecam
497 2938 529 2987 de
552 2938 684 2990 benefieiis
703 2955 731 2991 v.
766 2939 964 3004 bosdepntnta!
981 2939 1297 2990 Etesrisiustnu‘om·

197 3015 265 3064 Sunt
287 3021 316 3065 et
337 3015 387 3063 aliu
402 3015 578 3079 hujuscemodi
598 3019 732 3082 pleraque,
766 3017 810 3065 nis
826 3015 851 3064 in
863 3031 890 3065 se
902 3017 981 3081 capit,
992 3016 1063 3081 qnasi
1076 3017 1186 3065 collecte
1197 3031 1245 3079 per
1256 3032 1296 3065 sa·

200 3107 257 3154 quer
275 3092 329 3141 sine
348 3093 509 3141 substantivo
527 3093 617 3142 addito
635 3108 730 3157 ponun-
766 3091 858 3140 tnram’
872 3091 922 3157 (sie
933 3091 1000 3141 enim
1013 3093 1081 3156 lego,
1093 3107 1143 3141 non
1154 3091 1296 3156 mileciam)

199 3174 255 3224 tur;
269 3168 339 3215 velut
349 3181 406 3215 eum
417 3167 526 3216 dicimus
536 3170 650 3232 tertiana,
659 3185 730 3233 quur·
766 3167 906 3218 ‘concessu
914 3167 962 3218 sibi
971 3183 1056 3217 rsrmn
1065 3169 1138 3217 varia
1146 3168 1294 3232 potestate!¹

198 3246 263 3300 tuus,
273 3242 409 3299 ruminum
421 3244 494 3293 deest
503 3244 570 3293 eninr
577 3244 668 3296 febris.
686 3246 728 3296 Sic
765 3243 832 3293 Vide
843 3251 872 3295 et
881 3245 1035 3295 Diomedem
1051 3254 1080 3295 et
1090 3246 1205 3307 Festum,
1217 3262 1232 3295 u
1243 3260 1294 3310 quo

198 3313 361 3375 inmaturum,
386 3317 559 3379 Ocriculanam,
587 3321 728 3382 lu'nrriense,
765 3320 1297 3372 mirorlrnnesallnstiiloenmiisdemuer·

199 3386 481 3448 subauditnrpraedium.
507 3392 558 3439 Sed
570 3400 597 3440 et
609 3393 726 3444 absolute
766 3394 806 3445 bis
816 3397 841 3445 in
853 3412 916 3446 voce
928 3398 1017 3447 Sutura
1028 3398 1141 3460 recitari,
1151 3413 1184 3448 ex
1198 3399 1227 3448 1..
1238 3399 1294 3448 Lae·

198 3461 328 3511 interdum
348 3465 429 3525 suillo,
452 3465 545 3528 buiuiu,
559 3465 641 3526 senisu
664 3467 728 3518 dici·
766 3470 792 3518 lii
804 3471 929 3531 oratioue,
947 3488 1022 3535 qnam
1038 3487 1084 3535 pro
1100 3489 1127 3523 se
1139 3474 1219 3534 dixit;
1236 3489 1295 3523 curn

199 3551 270 3597 mus;
288 3547 317 3587 nt
336 3540 513 3605 subaudietur,
532 3558 595 3593 core.
635 3545 677 3594 Sic
700 3552 728 3595 et
765 3547 854 3607 prorui
865 3547 1066 3596 dnbioSallustii
1078 3549 1119 3596 sit.
1152 3549 1227 3598 idern.

169 3625 173 3634 ¹
198 3617 378 3677 repetundorum
402 3620 525 3668 demontus
546 3620 613 3683 apud
641 3621 728 3670 Velle·
797 3622 847 3670 Per
868 3623 984 3684 murum]
1022 3624 1076 3671 Lex
1099 3637 1177 3686 porro
1200 3627 1295 3689 Satyra

194 3691 267 3752 jum,
286 3690 331 3738 nbi
351 3691 424 3741 deest
447 3695 636 3745 substantivum
659 3713 727 3759 pecu·
765 3697 824 3760 lege
834 3699 940 3747 Caeeilia
957 3707 984 3747 et
996 3698 1082 3747 Dedin
1094 3699 1218 3763 abrogata
1233 3699 1294 3765 fuit,

198 3765 299 3815 nimum.
331 3767 383 3814 Sed
400 3776 427 3816 ut
440 3770 588 3819 aslsuturam
602 3777 726 3821 revertar.
765 3772 790 3820 id
802 3771 869 3837 qnod
881 3773 971 3823 Cicero
982 3774 1009 3821 in
1018 3772 1094 3824 Orat.
1105 3790 1152 3837 pro
1163 3775 1238 3826 slomo
1247 3793 1294 3826 sna

200 3841 269 3892 Quid
284 3842 305 3890 si
316 3842 378 3890 uiuit
399 3842 435 3891 ibi
452 3845 598 3906 subaudias,
611 3846 656 3895 sed
668 3847 728 3895 sim·
766 3853 888 3898 testatur:
905 3848 1070 3909 ‘Decrevit,'
1083 3850 1176 3916 inquit,
1194 3857 1292 3905 ‘Senes

199 3918 301 3981 pliciter
317 3919 456 3984 intelligas,
474 3929 504 3970 ut
521 3924 601 3972 verbu
620 3924 728 3973 sonent?
765 3929 807 3971 tus
819 3925 856 3972 ut.
869 3923 948 3972 Drusi
964 3923 1070 3987 legibus,
1088 3943 1144 3991 qnae
1157 3936 1246 3978 contus
1256 3932 1291 3978 ie·

200 3996 249 4044 Per
259 4000 366 4045 murum
387 3997 509 4060 exquisitis
527 4001 660 4060 sostentiis,
679 4001 727 4050 hoe
765 4013 823 4062 gem
835 4000 966 4049 (lucilium
977 4006 1004 4049 et
1013 4001 1122 4052 Dadiam
1132 4005 1185 4053 luta
1195 4013 1290 4068 essent,

199 4079 248 4133 est,
261 4073 338 4123 Nullo
352 4072 441 4122 ordine
454 4072 480 4123 in
492 4074 627 4122 sententiis
638 4075 729 4137 esquier
765 4076 945 4138 populumuon
956 4078 1067 4127 teneret*
1078 4076 1195 4127 etinirs:
1209 4079 1291 4130 ‘Qum

199 4148 284 4198 renuis
295 4155 467 4208 refusiones
483 4156 511 4199 nt
530 4151 643 4200 seniores
656 4151 728 4213 prius
764 4155 804 4198 est
820 4150 892 4214 quasi
909 4151 960 4200 alia
971 4152 1017 4214 vis,
1029 4167 1085 4215 quae
1094 4146 1225 4202 sententia
1235 4156 1291 4203 Cae.

200 4224 617 4303 senteutimurogsre'aturmedut
628 4226 728 4277 eonsuli'
764 4225 831 4278 elliu
848 4227 923 4292 legis,
938 4234 968 4278 et
985 4227 1087 4289 Dedin,
1103 4228 1154 4279 uisi
1168 4230 1239 4281 isse:
1256 4247 1289 4284 ue
