3000 5040
267 369 336 438 lim
611 383 720 434 ποτε
744 383 946 433 ranroauu
970 384 1011 433 ru

266 527 571 580 milrlarridetrcllirlo.
589 527 689 577 Gruter
868 527 1063 589 Nreee'glerierrr
1072 527 1364 580 unanimum

282 604 419 653 -Praerr'dio
427 601 533 665 agitare]
556 601 587 652 Id
599 612 647 655 eet.
660 602 798 665 Expellere
828 602 931 666 facim]
947 604 991 653 Sic
1012 603 1039 652 in
1059 605 1178 665 retortia,
1193 611 1270 668 utque
1286 606 1365 655 etiem

266 678 369 742 oppidio
391 677 521 742 presidia,
548 677 650 739 ecilicet
677 678 797 726 hortium.
835 679 1034 743 manuscriptis:
1057 679 1189 729 ubilebore
1211 679 1267 730 fere
1282 688 1324 730 eet
1338 681 1364 731 in

265 754 325 815 Vel,
336 751 703 816 Presidialrortiominsogem
712 767 798 817 agere.
835 758 1031 820 recentioribne,
1041 759 1119 824 idque
1132 773 1267 824 perperam
1276 759 1298 808 ei
1310 773 1365 808 ren·

266 829 331 880 Bud.
835 846 890 882 enm
902 842 1013 898 epectee.
1033 837 1105 885 idem.

299 905 607 968 &melioramentum
623 903 797 967 areopolerter]
868 909 975 973 Namque
995 927 1047 960 cuer
1066 916 1092 960 tu
1108 911 1287 975 permoliitiem
1296 926 1365 974 agor,

265 978 299 1030 Iu
318 980 420 1028 Veneto
438 978 506 1044 quod
523 987 564 1028 est
582 993 597 1027 a
613 978 703 1028 Plocio
720 993 797 1028 exco-
834 986 963 1036 meten
971 987 1084 1050 uppem
1100 1003 1190 1049 cmm,
1209 989 1365 1036 senemr.

266 1070 333 1116 enm,
354 1060 379 1104 ut
400 1069 437 1104 rue
454 1057 607 1119 opulentent:
623 1055 649 1105 in
667 1055 724 1105 aliie
743 1056 798 1120 qui·
833 1075 890 1110 m
908 1077 964 1123 m,
984 1079 1031 1112 m
1045 1062 1218 1126 ruperam]
1235 1064 1267 1112 10
1278 1077 1366 1112 mnu.

266 1129 385 1189 butdam
401 1134 623 1196 utrueopuiertem.
657 1133 796 1182 catonum
833 1136 999 1201 reriptireet,
1014 1144 1144 1197 eaurote5
1163 1152 1221 1203 qnae
1240 1139 1365 1202 syllabica

266 1211 317 1268 eet,
336 1207 453 1256 excutiat
469 1208 536 1258 hunc
552 1209 636 1258 locum
648 1209 795 1274 diligenter.
833 1212 947 1277 adjectio
964 1213 1049 1264 fecere
1066 1214 1099 1262 ed
1115 1227 1169 1262 rern
1181 1213 1240 1263 mihi
1254 1212 1365 1263 videtur.

267 1280 334 1333 itini
346 1284 449 1344 vulgata
459 1283 537 1332 lectio
546 1283 611 1332 bene
620 1284 716 1334 habere
728 1285 796 1333 ride·
835 1289 866 1337 ln
877 1289 980 1350 eodem,
989 1304 1032 1352 per
1040 1289 1171 1352 monum,
1183 1290 1256 1339 nteit
1274 1291 1364 1353 primm

265 1363 318 1420 tur,
335 1367 365 1408 nt
385 1360 453 1409 inter
475 1375 530 1409 reae
550 1367 797 1435 opponunturperete
834 1362 978 1415 inflexionis
999 1379 1100 1416 nomen.
1132 1367 1276 1430 Utrnrnque
1291 1380 1365 1428 repe·
1427 1361 1429 1363 ’

265 1441 294 1484 et
308 1437 437 1499 opulenter,
455 1444 496 1487 eet
515 1439 584 1486 enim
604 1451 709 1486 censor:
735 1439 797 1487 Non
835 1442 901 1491 rlrnr
916 1441 985 1506 apud
1003 1443 1153 1492 Ciceronem
1173 1442 1320 1492 etmollitier
1336 1450 1364 1491 et

264 1525 315 1575 ego
332 1512 389 1562 illoe
405 1521 479 1563 arcte
496 1519 669 1576 contenteque
685 1511 797 1574 habebo,
834 1518 941 1567 „iuria
973 1519 1041 1569 ‘Qui
1053 1517 1156 1578 officia:
1169 1519 1277 1583 Ιικμιὶῑ,ι
1288 1517 1365 1568 dese·

244 1626 248 1633 .
264 1587 401 1650 meipsum
422 1589 531 1636 molliter
550 1596 578 1638 et
599 1589 727 1638 delicate:
745 1590 795 1651 rel,
835 1600 895 1642 runt
906 1594 1119 1656 mollitieeniml,'
1133 1595 1160 1644 id
1170 1601 1221 1657 ert,
1236 1593 1364 1643 Laborem

266 1661 326 1712 Non
349 1664 468 1713 tractabo
490 1664 546 1713 illor
563 1665 638 1714 nimia
654 1679 747 1728 aspere
759 1673 796 1714 at·
834 1669 1067 1734 etdolornmfnga.
1100 1669 1183 1731 Idem,
1201 1671 1364 1719 ‘civitatum

265 1752 316 1802 qrre
327 1738 458 1803 injuriose,
477 1755 519 1789 me
530 1740 613 1804 iprum
622 1741 795 1806 indulgenter.
834 1759 918 1794 morer
931 1744 996 1808 lepri
1006 1745 1038 1794 ed
1047 1745 1199 1795 mollitiem!
1217 1745 1291 1793 idem.

264 1813 334 1864 Nem
355 1817 423 1867 bunc
443 1833 500 1867 ease
519 1833 629 1878 aeneum,
643 1833 675 1868 aa
689 1835 746 1883 quae
758 1835 797 1869 ee·
866 1819 1066 1882 hemmenam]
1078 1819 1109 1868 ld
1119 1826 1168 1882 ert,
1177 1820 1326 1884 Tyrannum
1338 1827 1366 1869 et

263 1894 509 1955 quanturindicant.
522 1895 531 1922 ‘
543 1895 662 1959 Namque
671 1910 728 1944 cnm
738 1903 795 1945 tate
834 1894 973 1959 superbum
998 1910 1096 1958 regem,
1115 1910 1166 1945 non
1184 1896 1363 1959 imperatorem

264 1977 312 2028 per
333 1968 467 2016 mollitiem
484 1983 556 2032 agae,
574 1971 718 2019 exercitum
736 1985 795 2034 enp-
834 1968 910 2019 liberi
923 1969 1022 2034 populi.
1042 1971 1106 2019 Bod.

263 2039 343 2104 puero
364 2055 465 2105 cogere,
485 2045 512 2091 id
534 2051 574 2092 eet
589 2045 729 2106 dominum,
744 2060 794 2095 non
866 2046 1006 2094 Exercitum
1013 2044 1228 2108 repplicioeegere]
1245 2045 1303 2094 Hoc
1315 2052 1365 2107 est,

263 2117 445 2180 imperatorem
463 2119 535 2168 eree!
567 2119 654 2168 Simile
674 2121 735 2183 quid
755 2121 794 2169 Li·
831 2123 892 2169 oreio
911 2135 1001 2182 cogere.
1035 2120 1122 2170 lnt‘re:
1146 2119 1265 2184 ‘pudore
1281 2120 1363 2183 magis

264 2193 321 2244 elur
333 2194 366 2243 de
378 2195 478 2244 Catone
489 2195 580 2244 scribit
603 2195 619 2243 l.
632 2208 670 2243 ιν.
687 2195 743 2245 dec.
756 2210 794 2245 ιν.
832 2211 908 2259 quam
936 2196 1003 2244 melo
1034 2197 1177 2246 exercitum
1205 2195 1364 2245 coercebat!

263 2267 337 2321 ‘reo
353 2271 379 2319 iu
392 2269 515 2331 consule,'
523 2269 615 2334 inquit,
628 2271 677 2320 ‘ea
693 2270 731 2319 rie
741 2271 793 2319 ani·
833 2271 912 2321 Gieor.

264 2345 300 2395 rui
310 2354 388 2411 etque
400 2347 494 2410 ingenii
505 2344 565 2408 snit,
576 2354 605 2397 ut
619 2346 704 2395 omnia
715 2346 795 2395 maxi·
864 2347 895 2397 id
911 2353 946 2397 ert
970 2346 1089 2397 domiuum
1107 2347 1167 2410 erre]
1184 2347 1365 2411 Manoecripta

265 2436 306 2471 rna
326 2424 479 2487 minimaque
502 2438 550 2486 per
568 2422 795 2487 audireturque
833 2427 937 2486 ennom,
955 2423 998 2472 doc
1016 2428 1051 2473 eet
1067 2423 1186 2472 mtrem
1199 2426 1306 2486 errem.
1318 2422 1365 2470 aed

264 2506 370 2561 ageret:
394 2513 442 2548 nec
459 2498 675 2563 cogitaretmodo
686 2499 795 2562 impera·
833 2499 923 2548 eodem
937 2513 1023 2549 aeneo.
1049 2498 1141 2548 Cicero
1162 2507 1272 2562 utroque
1287 2497 1363 2546 modo

263 2581 366 2636 retqoe,
381 2591 439 2639 quae
449 2576 475 2624 in
487 2590 540 2624 rem
553 2584 649 2634 essent,
660 2574 705 2623 aed
715 2576 796 2639 plera·
834 2576 903 2640 loqui
914 2577 1057 2627 conrncvit.
1073 2577 1131 2626 ltu.

266 2643 315 2710 que
327 2642 383 2710 ipre
403 2650 573 2713 transigeret:
596 2665 643 2699 nec
663 2651 689 2698 in
710 2664 797 2714 quem·
867 2651 1066 2700 ldeetdoruieam
1077 2666 1121 2700 noe
1131 2651 1295 2713 imperatorem
1305 2646 1365 2709 erre]

265 2739 341 2788 quam
370 2727 480 2773 omnium
506 2726 607 2787 gravior
630 2726 796 2791 severiusque
834 2726 877 2776 Sic
896 2728 986 2790 optimi
1003 2728 1067 2775 Mae.
1090 2727 1180 2786 nostri,
1196 2739 1256 2786 non,
1272 2725 1314 2771 loc
1330 2731 1364 2771 ert

264 2815 340 2864 qnam
352 2800 377 2848 in
389 2801 555 2864 semetipsum
570 2801 705 2864 imperium
724 2816 796 2851 exer·
833 2802 970 2858 &etiamr
989 2802 1079 2850 eodem
1101 2800 1203 2866 quidem
1221 2799 1298 2860 redit,
1317 2799 1362 2846 red

265 2884 347 2939 cerel,
368 2877 530 2940 parcimonia,
552 2885 579 2926 ct
601 2876 704 2939 vigilite,
722 2878 795 2927 etla·
834 2877 963 2940 legitimae
996 2884 1085 2940 pertua
1115 2877 1210 2940 ubique
1240 2876 1363 2938 praevalet

264 2955 327 3006 bore
347 2972 405 3005 cum
426 2955 521 3004 ultimis
541 2955 651 3004 militurn
671 2961 796 3018 certaret,
833 2952 1017 3015 eoppotitirio:
1037 2952 1059 3000 ei
1084 2951 1127 3000 cui
1144 2958 1229 3001 tamen
1253 2959 1363 3013 utraque

264 3033 463 3097 necquidquam
481 3032 506 3080 in
518 3032 634 3081 exercitu
647 3046 693 3080 suo
706 3033 796 3096 praci-
834 3042 886 3077 vox
897 3027 1027 3076 eradenda
1041 3028 1154 3087 videtur,
1174 3027 1259 3077 eidem
1276 3025 1366 3076 roffre-

266 3109 314 3171 pui
322 3117 417 3172 prater
433 3110 553 3157 honorem
570 3115 647 3171 atque
659 3108 795 3172 imperium
833 3102 941 3166 glomeo
951 3103 1081 3168 accedam.
1101 3105 1200 3153 Gruter.

264 3184 390 3234 liaberet!
424 3186 472 3235 Est
494 3185 602 3233 asciolo
619 3185 740 3248 quopiam
754 3186 795 3234 hic
865 3178 1151 3240 flaetsslrlttsslt'dmlt'l'
1163 3179 1262 3238 meimet
1271 3177 1363 3237 sad&-

265 3258 421 3320 depravatus
442 3261 521 3319 locus,
546 3261 589 3323 qrri
612 3262 711 3323 putarit
731 3266 796 3310 arcte
832 3254 874 3317 do]
896 3255 1047 3318 Legendum
1068 3269 1083 3304 e
1102 3256 1291 3318 manuscriptio,
1304 3253 1365 3302 Hae

263 3334 338 3381 colere
358 3333 428 3381 idem
447 3348 512 3393 eoae,
530 3335 599 3397 quod
616 3336 738 3385 aubimare
758 3337 795 3385 ni·
832 3330 980 3392 &crotalia
1004 3331 1062 3379 Riv.

264 3407 402 3465 nutriere,
420 3412 444 3454 et
461 3408 528 3469 quari
545 3409 635 3458 laxiore
645 3410 743 3472 imperio
754 3413 795 3459 llo·
868 3406 986 3456 Virtutem
996 3421 1041 3456 eor
1050 3405 1192 3470 relinquere]
1217 3406 1363 3470 impendum

264 3481 374 3530 terreor
395 3482 478 3546 quidue
489 3483 588 3544 precia:
608 3485 733 3545 quomodo
752 3487 794 3534 ci·
832 3482 963 3544 reliquere:
979 3497 1115 3545 operarum
1135 3482 1233 3531 incuria
1253 3491 1293 3530 est
1314 3482 1363 3531 hoc

251 3569 334 3619 cero,
357 3562 364 3586 ⁸
376 3566 448 3608 arcte
458 3558 595 3620 complecti
607 3557 726 3621 aliquem’
738 3560 795 3608 dix·
833 3556 1001 3603 commiscum.
1019 3556 1094 3603 Idem.

263 3635 292 3685 it.
327 3636 471 3698 opulentare
492 3649 553 3684 raro
574 3634 642 3683 idem
661 3635 795 3700 quodopa-
866 3631 948 3692 Neque
969 3632 1028 3678 dm
1050 3632 1122 3678 datur
1141 3645 1212 3692 repar
1235 3630 1363 3694 accipitur]

263 3712 352 3760 mrem
368 3718 392 3760 et
413 3712 512 3759 divitem
530 3712 635 3760 reddere.
670 3712 736 3760 Nam
757 3713 794 3761 ric
832 3705 912 3755 sicin
933 3705 1007 3754 Orat.
1028 3705 1130 3753 Cottae:
1148 3706 1207 3754 ‘Ut
1218 3707 1272 3756 aine
1285 3706 1363 3757 dede-

264 3786 418 3849 nescioquis
430 3786 618 3848 interpretatus
631 3786 793 3836 bunelocnm
832 3797 972 3832 coracem
995 3780 1096 3829 civibus
1128 3780 1197 3829 sarna
1224 3789 1252 3830 et
1280 3781 1363 3832 fortn-

264 3860 359 3925 θηται,
368 3862 412 3911 eed
427 3875 560 3924 perperam
573 3861 711 3912 videlicet:
731 3868 795 3911 mm·
832 3857 870 3906 nie
880 3859 980 3921 integer
991 3871 1059 3918 agar,
1072 3855 1098 3905 id
1111 3857 1177 3906 dono
1188 3856 1264 3908 datur
1283 3866 1362 3924 atque

263 3938 314 3989 etei
351 3940 487 4002 opulentare
522 3937 625 4001 quidem
665 3940 794 4003 reperitur
830 3930 977 3997 accipitur!
997 3933 1075 3979 Clare.

264 4014 333 4077 apud
344 4014 512 4064 Columellam
525 4027 586 4061 rur.
599 4028 647 4075 pro
660 4013 793 4064 instruere
865 4007 1002 4056 amtorem
1013 4006 1110 4069 norro]
1120 4007 1235 4058 Seneca:
1247 4013 1255 4036 ⁴
1265 4010 1360 4059 Utrum

263 4096 291 4141 et
315 4104 449 4139 exornare.
475 4089 538 4138 ‘Et
560 4087 676 4147 eisdem?
699 4090 792 4153 inquit,
832 4084 937 4133 tandem
952 4083 1134 4146 sapientiorem
1152 4093 1235 4147 puter,
1251 4084 1363 4147 quiver-

262 4162 433 4215 ‘familiarem
449 4163 535 4215 focum
556 4180 721 4231 mentemque
735 4181 793 4234 pre·
831 4158 1098 4209 tutiliacoenationum
1120 4159 1248 4223 laquearia
1264 4159 1302 4207 ite
1318 4173 1361 4210 co·

264 4239 622 4308 tiorldepiburopulentent.'
640 4242 696 4296 ltro.
831 4241 973 4306 menter,
992 4242 1022 4287 nt
1042 4236 1149 4290 subinde
1166 4236 1216 4288 alie
1229 4235 1361 4288 inicam·
