3000 5040
477 324 628 373 neroum
660 326 823 373 omniurn.
868 328 950 376 ose.
974 316 1029 379 19.
1236 323 1299 389 417

199 463 321 529 depulso,
331 463 377 514 sed
388 462 529 526 duplicato,
542 481 574 515 es
593 481 672 516 causa
680 468 731 516 Va·
801 470 940 532 Patrotern]
951 471 1132 535 commissum,
1141 473 1266 528 effectum
1274 486 1303 529 et

197 539 413 600 leriusinstituit,
432 546 460 588 nt
477 541 613 590 duodecim
630 549 732 591 tantum
769 555 976 597 consummatum.

200 615 285 665 fasces
304 615 522 679 conspicerentur,
537 618 606 681 iique
623 619 731 667 alternis
801 622 917 687 Diremit]
934 624 965 672 ld
982 633 1032 686 est,
1046 626 1163 676 dissolvit
1181 636 1208 677 et
1226 628 1301 678 dissi-

200 694 331 743 meusibus
342 692 409 755 apud
422 693 530 741 alterum
548 695 680 743 consulem
692 709 732 743 es·
769 698 994 761 puvitcouuiliunr.

200 777 274 819 sent:
299 771 343 829 ita,
359 770 471 832 inquam,
488 778 517 818 ot
534 771 620 832 priore
642 787 731 821 meuse
802 774 912 822 Cenld
930 775 1070 824 Citeriorem
1085 777 1299 842 Reperiamus

199 846 272 910 prior
291 847 377 894 consul
401 860 446 893 eos
470 845 588 907 haberet,
616 848 731 898 seeundo
768 847 836 896 hunc
849 848 897 898 Cu.
908 849 1030 898 Pisonem
1042 853 1155 913 pertinet
1170 863 1243 905 vetus
1260 858 1299 907 in-

200 921 451 984 alter,atqueitain
469 922 573 981 orbem3
592 929 732 972 uttestau·
766 923 875 986 scriptio
892 939 926 972 ex
943 939 1086 974 marmore:
1120 942 1163 977 cn.
1180 944 1299 982 crunnu-

200 1000 243 1044 tur
259 996 399 1062 Dionysius
416 997 435 1047 Ι.
453 995 479 1044 ν’.
504 1003 533 1046 at
552 999 605 1046 Dio
628 1000 731 1048 Cassius
768 1013 840 1049 urus.
858 1014 902 1049 cn.
916 1014 939 1050 r.
951 1015 1013 1051 erso
1031 1015 1185 1054 nunssuon.
1199 1021 1299 1062 ruore.

196 1069 251 1121 l.'v.
276 1072 384 1121 Sumere
393 1079 481 1121 autem
493 1087 537 1121 eor
550 1073 620 1135 prior
630 1074 731 1123 solebat
767 1087 812 1124 ax.
836 1088 857 1124 s.
885 1089 909 1125 c.
937 1089 1118 1127 euovrncrnm
1143 1094 1301 1134 merantur

198 1149 731 1213 quimajoruatuesset:idqneobtiuoisse
766 1162 1099 1203 crrnnronerconrrnvrr.
1135 1156 1218 1205 Ursis.

198 1225 303 1275 videtur
313 1240 395 1289 usqne
406 1225 439 1274 sd
451 1227 481 1274 1..
500 1225 606 1288 duliam,
617 1242 675 1289 quse
686 1227 730 1277 lao-
800 1224 942 1274 citeriorem
961 1227 1117 1290 Hispaniam]
1147 1230 1302 1281 citeriorem

195 1315 286 1350 mrem
305 1303 371 1350 hunc
396 1302 490 1351 detulit
510 1316 616 1352 numero
637 1303 731 1353 ubero.
767 1305 851 1346 autem
870 1306 897 1347 et
912 1301 1063 1350 ulteriorem
1077 1304 1231 1367 Hispaniam
1244 1323 1303 1371 pro-

196 1388 263 1424 rom.
297 1377 340 1425 De
352 1383 460 1442 utroque
472 1377 532 1425 vide
544 1377 679 1425 Valerium
692 1391 731 1427 iv.
767 1374 865 1422 vincias
887 1374 966 1425 fuisse
990 1380 1134 1441 praetorias,
1157 1382 1233 1431 testis
1260 1391 1302 1434 est

198 1455 223 1501 1.
251 1452 379 1514 Agellium
401 1467 433 1501 rr.
455 1458 493 1501 1⁵.
520 1452 629 1501 Interea
645 1459 731 1501 museo
767 1437 869 1500 Livius:
887 1451 932 1517 qni
942 1452 1093 1517 frequenter
1103 1457 1151 1519 ait,
1166 1458 1300 1509 Praetores

197 1529 285 1578 consul
296 1529 326 1589 is,
337 1529 382 1593 qni
404 1530 459 1578 sine
479 1527 599 1590 fascibus,
617 1543 650 1577 ne
662 1529 731 1578 nullo
766 1527 872 1576 sortitos
881 1543 938 1578 esse
950 1529 1100 1594 Hispaniam
1112 1533 1261 1584 citeriorem
1270 1543 1300 1586 et

196 1601 461 1665 inrigntooscererm,
469 1619 608 1653 accensum
618 1604 732 1653 habebat
767 1602 926 1652 ulteriorem.
960 1605 1047 1654 larci.

199 1677 246 1742 qui
263 1692 321 1726 enrn
340 1680 517 1742 praecederet:
544 1688 651 1728 anctore
671 1680 734 1728 Dio·
802 1677 926 1740 Qundor]
937 1681 1095 1742 Quaestores,
1105 1685 1208 1746 regibus
1218 1687 1298 1737 etiam

198 1751 272 1816 nysio
280 1752 299 1800 l.
308 1767 335 1802 v.
347 1754 432 1813 initio,
441 1755 485 1816 qui
496 1762 668 1818 sequerentur
676 1771 733 1804 curn
771 1752 1143 1816 tumimpenntibns,institnti
1152 1768 1221 1811 sunt:
1229 1763 1299 1826 qnod

199 1827 318 1889 virginet
333 1828 440 1876 bacillis.
473 1830 612 1878 Suetonius
627 1831 654 1877 in
665 1830 734 1880 Julio
770 1826 814 1876 lex
825 1827 932 1878 Curiata
943 1831 1064 1893 ostendit,
1080 1834 1113 1880 ab
1125 1834 1155 1883 L.
1167 1837 1246 1886 Bruto
1259 1852 1298 1886 re·

199 1915 225 1952 ο.
238 1906 280 1951 20.
299 1910 327 1952 et
346 1903 444 1964 Livius,
455 1903 500 1952 ubi
517 1903 551 1952 de
565 1904 734 1969 Decemviris‚
770 1901 862 1965 petite
873 1905 1017 1969 mansitque
1025 1909 1173 1957 consulibus
1184 1918 1298 1972 potestas

199 1977 218 2028 l.
230 1991 273 2027 ιιι.
288 1979 391 2041 Lipsius.
768 1978 910 2043 deligendi,
931 1981 1014 2031 donec
1032 1998 1089 2031 enm
1105 2000 1206 2049 quoqne
1221 1987 1299 2037 bono·

232 2054 264 2101 Is
275 2054 369 2115 Nonus]
386 2054 441 2102 ‘l'er
452 2055 519 2104 enirn
531 2055 557 2104 in
570 2071 657 2106 mense
669 2058 730 2120 legi·
767 2068 823 2102 rem
838 2058 946 2118 popolus
962 2059 1103 2108 mandaret.
1144 2063 1299 2113 eraestores

199 2130 275 2183 timus
294 2130 440 2179 habebatur
460 2139 574 2193 senatus,
593 2132 728 2194 Kalendis,
767 2145 827 2180 vero
849 2132 939 2180 urbani
960 2135 1079 2184 erarium
1107 2139 1245 2200 curabant,
1271 2147 1300 2190 et

199 2206 289 2267 Nonis,
311 2212 338 2256 et
362 2206 467 2266 Idibus;
495 2208 611 2271 quamvls
638 2215 728 2272 postea
766 2208 824 2271 ejus
847 2209 972 2270 pecunias
988 2224 1115 2272 expensas
1132 2218 1160 2260 et
1176 2220 1300 2275 acceptas

199 2282 329 2344 Angustus
350 2282 502 2344 instituerit,
522 2296 556 2331 ue
576 2283 633 2344 plns
650 2299 728 2346 quam
766 2282 794 2330 in
815 2282 916 2332 tabulas
938 2284 1056 2346 publicas
1082 2284 1245 2336 referebant:
1274 2297 1301 2337 et

198 2356 237 2406 bis
246 2358 272 2405 in
280 2371 367 2405 mense
374 2352 503 2418 legitimus
512 2357 731 2405 senatushabere·
768 2357 826 2419 ipse
843 2358 1011 2419 magistratus
1030 2375 1081 2408 non
1100 2359 1206 2409 nonoris
1223 2363 1302 2425 ipsios

199 2439 253 2493 tur,
264 2432 366 2480 seilicet
374 2431 500 2478 Kalendis
507 2436 537 2480 et
544 2429 650 2479 Idibus:
662 2445 733 2478 meu·
770 2430 829 2479 linis
840 2440 906 2492 erat,
924 2433 970 2481 sed
988 2434 1073 2483 aditus
1090 2435 1123 2483 ad
1139 2438 1300 2488 consolatum

200 2509 236 2558 sis
248 2514 334 2556 autem
352 2506 476 2554 Februar.
490 2506 533 2553 bie
543 2504 657 2557 manne
676 2506 734 2554 des·
772 2513 800 2554 et
819 2506 961 2569 triumphos
980 2509 1053 2557 novis
1074 2511 1216 2561 bominibus
1243 2529 1299 2565 esse

200 2583 298 2632 tioatus
317 2589 376 2632 erut
396 2581 531 2629 audiendis
553 2581 735 2644 legationibus.
772 2582 938 2632 censebatur.
972 2585 1063 2635 Zoscl.

200 2660 308 2710 Cicero:
321 2659 445 2706 ‘Senatus
453 2656 544 2704 haberi
551 2657 614 2705 ante
623 2657 733 2706 Kalend.
806 2657 916 2711 Qaoesior
930 2674 975 2721 pro
985 2664 1188 2722 pretermissas
1204 2666 1250 2731 ert]
1266 2664 1298 2716 ld

200 2735 322 2784 Februar.
334 2748 382 2797 per
393 2734 477 2796 legem
494 2732 614 2795 Papiam,
624 2732 652 2782 id
663 2732 732 2795 qood
771 2737 819 2791 est,
830 2747 889 2781 cum
905 2742 975 2784 esset
996 2745 1115 2801 questor,
1133 2748 1218 2791 tamen
1238 2758 1298 2792 com

199 2811 259 2872 seis,
279 2824 330 2859 non
351 2815 446 2871 potest,
465 2822 549 2871 neque
564 2820 652 2857 mense
664 2809 731 2857 Feb·
769 2808 891 2869 pretoria
903 2816 1035 2871 potestate
1050 2815 1141 2864 missus
1157 2824 1203 2868 est.
1237 2818 1299 2869 Hoc

201 2899 268 2935 ruer.
282 2892 346 2948 toto,
363 2885 410 2932 nisi
429 2882 552 2947 perfectis
568 2889 613 2933 aut
623 2884 729 2949 rejectis
767 2881 1051 2950 signifieatsuetouius,
1067 2904 1125 2938 cum
1143 2892 1236 2954 inquit,
1255 2893 1301 2939 Pi·

199 2961 387 3023 legationibus!
419 2961 509 3011 Zancle.
768 2958 822 3006 soni
834 2959 987 3022 Hispaniam
1004 2964 1164 3023 provinciam
1176 2966 1209 3013 ob
1220 2964 1303 3026 suspi-

235 3038 303 3091 Quod
321 3036 348 3083 ni
370 3037 475 3085 Catilina
494 3037 644 3099 mussa]
663 3039 730 3087 Con·
768 3033 869 3082 cionem
891 3036 999 3084 urbanae
1026 3039 1209 3099 conjurationis
1233 3038 1301 3087 ultro

203 3110 378 3169 siderandum,
405 3112 512 3158 servarit
540 3126 573 3159 ne
593 3113 731 3160 Sallustius
769 3117 844 3158 extra
854 3112 972 3161 ordinem
984 3112 1072 3160 datam
1083 3111 1171 3161 scrisse.
1207 3117 1276 3163 Cast.

203 3185 267 3234 illud
290 3185 374 3231 σπεῦδε
394 3183 494 3245 βραδέως
513 3186 539 3233 in
557 3186 637 3233 verbo
656 3192 733 3235 rnatu-
803 3186 971 3249 Proproetore]
984 3189 1117 3236 Praetores
1126 3189 1302 3242 Provincioles

202 3276 267 3321 rore,
285 3274 336 3323 qno
352 3259 384 3307 de
405 3267 457 3307 tam
468 3259 546 3307 anxie
561 3273 591 3308 ac
606 3261 735 3310 subtiliter
771 3262 852 3308 creati
863 3263 1104 3311 suutclrcaannom
1117 3277 1195 3314 nxrx.
1212 3261 1302 3316 Sicilia

203 3336 322 3398 disputat
337 3335 439 3383 Gellius
456 3348 488 3383 ex
509 3334 623 3397 Nigidio.
656 3337 735 3385 Certe
773 3341 799 3384 et
813 3336 931 3385 Sardinia
949 3339 1033 3401 captis
1051 3347 1128 3401 atque
1147 3341 1173 3389 in
1193 3342 1302 3391 Provin-

202 3412 320 3461 historici
347 3411 435 3459 Latini
454 3416 572 3459 moiarore
593 3428 640 3475 pro
654 3429 736 3476 prope-
773 3413 870 3462 eiarum
883 3413 989 3462 formam
1003 3415 1124 3478 redactis,
1134 3425 1162 3465 ut
1175 3418 1262 3467 Livius
1273 3424 1301 3467 et

203 3504 257 3538 rure
279 3503 311 3537 ae
327 3489 446 3549 festinare
468 3489 612 3539 identidem
635 3491 736 3552 dicunt,
773 3489 872 3538 Solinus
883 3490 1063 3554 prodiderunt.
1088 3492 1245 3556 Pomponius
1256 3508 1301 3541 an·

202 3565 322 3629 quicquid
334 3565 407 3615 dieat
417 3565 526 3615 Gellius.
561 3566 701 3615 Glareanus.
773 3572 824 3614 teor
842 3568 866 3614 in
885 3568 902 3614 l.
915 3581 934 3615 r.
950 3566 977 3614 ff.
995 3567 1027 3615 de
1046 3568 1110 3629 orig.
1127 3568 1184 3618 Jur.
1201 3570 1302 3632 ‘capte

236 3642 287 3689 Pro
297 3641 376 3702 carin]
394 3641 463 3690 Ante
474 3642 584 3690 curiam.
772 3641 908 3703 Sardinia:
921 3642 1014 3705 inquit,
1038 3644 1045 3669 ‘
1059 3658 1116 3689 mox
1131 3643 1226 3705 Sicilia,
1237 3645 1302 3693 item

239 3717 276 3764 Eo
286 3719 324 3766 die
334 3723 387 3780 post
400 3719 518 3767 conditum
534 3718 613 3765 urbem
626 3717 737 3780 menum]
774 3716 908 3780 Hispania,
918 3717 1012 3764 deinde
1025 3717 1183 3767 Narbonensi
1195 3720 1303 3768 Provin-

206 3792 305 3842 0diosa
320 3794 361 3840 irie
380 3809 430 3840 vox
443 3795 558 3848 limeum:
583 3807 631 3840 nec
642 3793 684 3840 hie
697 3805 736 3839 so·
773 3794 935 3853 ciu,totidem
944 3792 1303 3857 l’rretores,quotProvinciae

205 3869 270 3928 iurn,
280 3869 324 3915 sed
334 3870 389 3916 aliis
397 3869 460 3917 loeis
468 3871 510 3917 ubi
516 3870 635 3932 juugitur
644 3869 737 3917 dictio·
774 3869 798 3917 iu
810 3871 934 3919 ditionem
947 3870 1089 3918 venerant?

206 3946 232 3994 ni
242 3945 310 3995 arti.-
330 3945 391 3993 nrbs
408 3946 474 3993 enim
487 3961 533 4008 per
545 3946 737 4006 excellentiam,
806 3946 921 4006 Insertum
932 3944 1051 3993 inimicum
1068 3949 1111 3994 Cr.
1125 3941 1245 4005 Pompeio]
1263 3939 1304 3986 Ιπ-

208 4022 312 4071 Romam
325 4022 408 4085 ipsam
420 4022 546 4082 designat.
557 4029 585 4069 nt
597 4022 639 4069 vel
652 4021 738 4084 pueris
769 4019 869 4084 sertum,
882 4036 928 4084 pro
939 4038 1025 4081 ocrem,
1045 4022 1131 4068 dicere
1149 4016 1235 4079 potnit
1251 4011 1304 4061 snt-

207 4102 303 4146 notum.
347 4098 375 4145 Si
400 4097 506 4146 tolerari
526 4096 621 4157 debet3
650 4097 737 4145 malim
774 4096 875 4147 iustius.
909 4097 1043 4146 Interdum
1056 4104 1141 4142 tamen
1161 4088 1303 4151 suspicatus

209 4184 267 4221 nom
277 4174 549 4239 Pal.quinto,Rornoe.
581 4175 722 4225 Gruterus.
775 4185 840 4233 sum,
854 4171 980 4220 inimicam
992 4171 1118 4231 glossema
1129 4162 1208 4213 fuisse
1220 4163 1252 4213 sd
1264 4163 1304 4212 ln

274 4252 358 4319 Μὴ.
369 4261 392 4305 et
408 4256 465 4308 Vur.
477 4257 541 4308 Cius.
723 4253 820 4305 Sodust.
1183 4246 1237 4297 21)
