3000 5040
467 400 616 449 sunnon
638 401 826 451 suounrn.
872 405 954 452 cnr.
977 389 1032 455 21.
1232 392 1297 461 uel

200 540 280 602 tione,
295 541 415 589 tabulatis
432 540 597 606 cratibusque
614 545 729 592 contexi·
768 551 862 595 turres.
898 548 953 598 He
973 548 1052 613 igitur
1070 549 1158 600 statim
1177 558 1296 615 structe,

200 624 251 666 tur.
284 618 377 666 Lstem
395 631 494 682 qnoque
514 618 608 666 simine
625 619 730 680 sepiun·
767 621 814 669 sed
827 623 944 684 paulonb
963 625 1297 689 urbelonglus‚etnetels

201 703 253 758 tur,
270 709 301 744 ue
318 709 435 744 saxorum
452 697 613 760 telorumque
631 697 729 760 impetu
767 697 889 747 vitiarent
901 707 946 748 aut
956 701 1119 764 impedirent.
1135 701 1214 766 Apud
1224 703 1298 753 Grae·

201 779 376 835 penetrentur.
408 774 576 824 Extrinsecus
588 783 729 836 teutranno
766 788 822 835 cos,
834 780 879 824 aut
890 784 962 825 certe
973 777 1073 826 Siculos
1085 777 1193 840 primum
1210 792 1297 843 reper-

200 849 311 898 immisso
322 857 519 899 concrementur
531 851 661 911 incendio,
672 867 729 902 cru-
767 856 803 898 ts.
837 849 901 899 ldeo
911 859 988 901 erute
1000 853 1140 916 capiendus
1149 853 1298 918 Atbenorus,

200 924 238 973 dis
257 940 287 974 nc
307 925 453 975 recentibus
471 926 549 976 coriis
562 928 603 975 vel
614 930 730 976 centoni-
767 925 811 988 qni
823 940 874 972 uon
887 925 952 975 dicit
968 926 1078 976 Dialem
1095 928 1298 994 primumtrepe·

199 999 244 1050 bus
255 1001 380 1064 operitur.
414 1003 479 1050 Cum
496 1003 583 1066 plures
601 1002 678 1054 factu
689 1002 730 1053 su·
768 1000 831 1049 risse
844 1009 928 1050 turres
940 1003 1124 1053 ambulatorius
1135 1005 1297 1068 simpliciter,

197 1074 276 1137 erint,
281 1076 428 1140 junguntur
440 1077 466 1125 iu
476 1078 602 1139 ordinem,
614 1080 661 1128 sub
675 1080 730 1144 qui·
766 1077 812 1126 sed
823 1075 879 1127 wls
889 1077 1004 1140 pompeis
1013 1077 1124 1142 simos,
1142 1081 1168 1129 id
1186 1087 1236 1142 est,
1252 1096 1296 1131 ess
1312 1107 1316 1121 v

197 1149 246 1200 bus
268 1152 432 1202 subsidentes
457 1155 506 1202 tuti
530 1154 562 1201 ad
583 1154 730 1204 subruenda
767 1168 826 1217 quar
856 1153 1017 1204 circumferri
1045 1163 1161 1219 possunt,
1182 1158 1297 1207 rotatiles

197 1240 325 1276 murorum
341 1236 481 1291 penetrant
497 1227 673 1280 fundamenta.
707 1232 730 1280 E
765 1228 824 1293 (bas
843 1229 911 1280 forte
932 1229 1065 1294 Appianas
1087 1239 1164 1280 vocat
1183 1231 1298 1294 lampi-

197 1302 275 1367 lignis
286 1304 365 1367 igitur
381 1305 518 1354 levioribus
537 1307 593 1356 brec
612 1307 730 1356 macblua
765 1321 828 1366 mr,
840 1300 980 1369 plicatiles,
997 1307 1058 1370 quis
1073 1320 1120 1368 per
1132 1315 1220 1369 partes
1232 1308 1299 1357 scili·

198 1379 379 1443 colligabatur,
401 1396 495 1445 nesnpe
518 1384 578 1446 quia
595 1382 729 1433 transferri
766 1390 811 1431 cet
823 1382 991 1442 tollebantur,
1003 1382 1175 1445 ponebantur,
1192 1397 1299 1447 repone·

198 1468 273 1517 opus,
288 1464 315 1506 et
327 1472 342 1506 s
353 1459 477 1507 militibus
487 1459 601 1509 moveri:
627 1460 685 1508 binc
697 1460 730 1509 ad
768 1457 876 1507 bantur:
900 1472 950 1508 nee
962 1459 1028 1508 enirn
1041 1460 1073 1506 ad
1085 1458 1151 1519 illus,
1166 1473 1225 1523 quse
1237 1473 1298 1522 peg-

197 1531 271 1580 illum
289 1541 389 1583 motum
410 1534 581 1597 indicandum,
598 1535 685 1584 sinens
705 1550 731 1584 a·
766 1539 863 1581 matum
874 1533 951 1582 modo
970 1533 1183 1598 deprimebantur
1197 1535 1299 1584 attolle·

198 1621 270 1669 gere,
286 1608 438 1670 procedere,
456 1608 572 1672 proferre
588 1609 726 1659 dicebant:
768 1606 913 1671 bantnrque
924 1623 971 1671 prr
981 1610 1107 1671 cochleas,
1119 1616 1183 1674 puto
1193 1624 1298 1673 respex-

199 1696 258 1731 nsm
270 1684 367 1732 eminus
380 1693 487 1747 perstre,
503 1686 627 1748 paulatim
644 1685 731 1734 admo-
768 1681 819 1730 isse
830 1681 987 1745 Appianum)
1000 1699 1058 1733 uam
1076 1685 1227 1749 simpliciter
1245 1700 1298 1735 ant·

200 1757 328 1808 rebantur
338 1760 370 1808 ad
382 1761 515 1825 oppidum,
527 1762 591 1824 sive,
600 1769 629 1810 ut
641 1763 689 1809 snb
701 1761 731 1811 iis
769 1756 905 1807 bulatorin
925 1765 972 1807 ant
990 1760 1150 1821 subsistere,
1168 1776 1228 1810 usuc
1242 1762 1297 1826 jam

201 1835 309 1884 arietem
320 1836 498 1897 morererent,
515 1837 568 1887 sire
579 1837 732 1886 subruerent
768 1833 953 1885 nutrimenta
965 1833 1100 1883 ittSicilie.
1142 1835 1207 1885 Haec
1218 1836 1298 1900 igitur

201 1924 296 1960 rnaros.
317 1911 730 1962 Cratibnscontesebsturesdem
768 1908 883 1958 inventio
902 1923 952 1957 non
969 1908 1082 1972 ipsarum
1101 1911 1208 1960 turrium
1225 1911 1297 1975 (lixae

200 1987 327 2047 machina,
345 1996 423 2053 atque
446 1990 502 2038 baec
522 1989 652 2053 precipua
674 1988 730 2053 ejus
767 1984 817 2034 ille
832 1985 942 2048 jamdiu
959 1985 1126 2036 innotuerant
1142 1987 1168 2037 ln
1187 1987 1299 2052 oppidis,

198 2063 321 2113 materies
333 2072 360 2115 et
372 2070 483 2128 tegmen,
495 2063 555 2114 ideo
570 2064 658 2114 Graeci
676 2062 731 2126 rip
766 2061 794 2109 in
806 2060 911 2124 eastris)
920 2062 966 2110 sed
976 2063 1152 2125 mobilium‚et
1163 2079 1220 2129 quse
1233 2066 1297 2114 rotis

198 2139 344 2200 dedicunt:
371 2140 501 2191 interdum
511 2148 598 2191 tamen
618 2141 639 2190 si
656 2142 730 2205 plara
766 2143 913 2201 agerentur.
947 2138 1101 2203 Agebantur
1118 2143 1181 2190 rotis
1200 2142 1233 2191 ed
1252 2143 1298 2192 nri·

199 2224 244 2265 aut
255 2218 373 2280 gravisus
383 2218 517 2281 inoppido
532 2225 669 2277 tormenta,
680 2232 730 2266 nec
766 2215 863 2263 nimum
876 2221 994 2278 quatuor,
1011 2214 1058 2264 sed
1069 2222 1098 2264 et
1110 2231 1156 2263 sex
1176 2223 1221 2265 unt
1238 2225 1298 2266 oeto

199 2293 249 2342 vim
260 2293 398 2344 sufferrent
410 2295 450 2344 bae
462 2293 730 2357 craticeae,ssciebaut
767 2291 846 2340 etiarn
857 2291 982 2353 subditas,
994 2296 1072 2353 prout
1088 2291 1197 2338 turrium
1209 2293 1298 2342 modus

199 2371 323 2419 crassiore
348 2372 432 2432 ligno;
458 2373 519 2421 hino
544 2373 631 2421 Cesar
654 2376 732 2419 vocat
768 2374 845 2429 esset,
864 2368 983 2431 legimus.
1025 2368 1060 2417 Et
1077 2367 1218 2430 oportebat
1239 2382 1306 2418 sane

200 2445 341 2506 Porticum,
352 2445 412 2509 quia
427 2446 528 2508 species
548 2445 605 2508 ejus
623 2444 732 2506 longior.
768 2443 872 2490 bnmuns
891 2442 1044 2506 equabilern
1062 2443 1219 2508 densumque
1239 2445 1299 2494 boio

199 2521 305 2570 Caesar:
322 2520 478 2584 ‘pedalibus
493 2521 569 2583 lignis
585 2519 732 2583 conjunctis
769 2517 808 2565 rei
819 2531 888 2566 esse.
920 2515 996 2566 Actae
1016 2518 1095 2582 igitur
1112 2519 1185 2579 rotis,
1199 2520 1244 2569 sed
1263 2523 1299 2570 la·

197 2597 318 2659 porticus
332 2595 520 2661 jungebantur,
531 2602 609 2661 stqae
627 2596 675 2643 bae
689 2608 732 2658 sg—
770 2593 886 2643 tentibus
903 2600 931 2643 et
947 2593 1065 2656 internis,
1080 2601 1126 2643 snt
1144 2603 1216 2645 eerte
1234 2597 1298 2647 inte·

199 2687 247 2735 ger
258 2674 429 2722 intermunus
440 2671 639 2736 proferebatur:
663 2670 732 2735 [ἐμ.
769 2669 822 2718 rius
840 2669 980 2719 movendis.
1019 2669 1077 2720 Hoc
1100 2671 1169 2734 ideo,
1189 2686 1222 2721 ne
1239 2673 1298 2724 telis

199 2748 305 2800 videet
317 2748 496 2799 Stesrecbinm.
767 2745 889 2806 bostium,
901 2745 945 2809 qui
965 2752 1081 2810 agerent,
1096 2756 1298 2811 exponerentur,

237 2824 330 2887 Vincis]
364 2824 497 2874 Posterior
509 2830 572 2873 atas
583 2824 675 2873 Cattos
687 2837 731 2886 ap·
768 2828 796 2871 et
816 2822 894 2870 turris
915 2830 1032 2871 tueretur
1049 2836 1107 2871 suos
1127 2830 1254 2874 motores:
1283 2840 1298 2873 s

200 2902 319 2965 pellarit,
342 2900 402 2966 quin
426 2906 454 2948 et
477 2899 532 2964 ipse
553 2899 678 2962 vegetius
693 2898 731 2947 ita
768 2905 843 2961 tergo
866 2905 951 2946 tamen
973 2899 1078 2962 quidam
1102 2900 1229 2963 appliciti,
1253 2903 1298 2965 qni

200 2977 357 3040 appellavit:
382 2977 419 3026 ita
431 2973 732 3025 enimemendsudnslo·
767 2973 954 3037 propellerent,
965 2981 993 3021 et
1005 2973 1085 3036 licuit,
1096 2975 1217 3038 quianon
1228 2976 1298 3025 illinc

202 3052 731 3112 enarr.16.‘Vineasdixeruntreteres,
766 3055 861 3098 metus.
892 3050 987 3096 Turres
1005 3055 1092 3097 autem
1110 3049 1237 3111 triplices,
1247 3065 1300 3099 ms·

202 3142 265 3192 quas
276 3143 344 3177 nuuc
355 3128 461 3176 militari
479 3127 671 3188 barbaricoque
683 3140 730 3173 usu
764 3125 845 3189 jarer,
864 3125 984 3186 minores,
1001 3123 1103 3175 medio.
1139 3124 1256 3176 Minores
1272 3141 1300 3176 e·

204 3204 296 3252 Cattos
315 3200 426 3252 vocant!
464 3202 505 3250 lta
524 3201 592 3249 enim
610 3200 689 3247 babet
705 3199 732 3247 in
768 3201 1025 3249 ranttldcubitorurn
1043 3199 1070 3248 ln
1087 3199 1299 3264 altitudine,bssl

199 3293 258 3329 ors·
269 3279 348 3327 editio
371 3277 496 3337 Parisios,
516 3290 576 3336 non,
597 3282 625 3323 nt
648 3276 733 3337 uulgo,
769 3277 895 3341 prrsdrsts
911 3276 1111 3340 unumquodque
1123 3277 1191 3327 lutus
1212 3283 1242 3329 17
1257 3295 1300 3330 en·

203 3356 312 3405 c'uass'as.
347 3354 419 3403 Catti
433 3359 519 3401 nutem
539 3351 664 3414 ejusmodi
677 3351 731 3399 sive
770 3356 897 3405 bitorum:
926 3360 957 3405 lt)
978 3362 1123 3406 tectorum:
1150 3372 1299 3421 supremum

204 3434 296 3493 einen,
317 3432 365 3479 sub
385 3429 477 3495 quibus
496 3428 579 3489 miles,
590 3428 616 3476 in
635 3442 732 3477 morem
770 3437 868 3480 tectum
885 3431 1000 3495 quintam
1019 3437 1119 3494 partem
1138 3432 1204 3482 basis
1221 3434 1299 3483 babe-

200 3507 547 3574 felis,quemvulgoeottum
565 3504 733 3567 appellamus,
770 3505 822 3555 bnt
855 3505 970 3569 Majores
989 3514 1075 3554 autem
1094 3512 1122 3554 et
1139 3507 1229 3557 barum
1247 3523 1300 3557 ses·

202 3586 228 3635 in
239 3585 362 3634 subsessis
382 3589 428 3632 aut
449 3581 546 3631 insidiis
558 3580 643 3629 latuit.
674 3581 732 3631 dot.
770 3583 958 3647 quialteras,15
971 3588 1098 3630 tectorum
1115 3580 1255 3647 faciebant,
1273 3584 1300 3634 ln

201 3662 376 3712 Impastus
770 3659 908 3708 altitudine
935 3657 1035 3706 cubitos
1062 3660 1103 3705 90.
1148 3658 1299 3722 lterumque

236 3736 335 3799 Turres]
368 3736 733 3798 lusggereersnttnrres,et
770 3735 937 3798 duplaeque
957 3737 990 3783 2⁰
1009 3733 1086 3782 tectis
1098 3741 1255 3793 constarent,
1266 3735 1301 3783 ul·

202 3812 290 3861 stetin
310 3814 342 3861 ab
361 3828 392 3862 eo
411 3819 528 3871 structae,
546 3810 596 3857 imo
614 3815 642 3857 et
662 3815 733 3871 tune,
770 3810 919 3859 tascubitos
938 3812 994 3858 12⁰.
1012 3809 1078 3858 latas
1095 3823 1300 3875 quoquoversum

202 3888 415 3938 cumianondum
426 3886 576 3952 perfectus:
605 3884 732 3934 ettutelae
768 3886 825 3937 fere
836 3891 877 3936 21.
908 3885 959 3935 sed
978 3893 1063 3935 turres
1080 3887 1107 3935 in
1127 3893 1167 3935 tot
1183 3885 1300 3936 tabulate

119 3956 125 3969 ‘'
200 3962 288 4028 operis
310 3962 533 4027 ministrorumque
552 3975 632 4011 cansa
650 3960 732 4023 impo-
768 3978 818 4012 nou
831 3963 965 4028 aequstiter
975 3970 1153 4024 surrexerunt,
1163 3961 1208 4011 sed
1218 3962 1301 4013 instar

202 4041 339 4091 nebantnr.
383 4036 732 4102 l'ineasenimprimurnt'ao·
769 4042 848 4091 Phari
867 4041 1029 4105 AEgyptisce
1050 4040 1183 4102 paulatim,
1200 4046 1229 4086 et
1251 4053 1300 4101 per

203 4126 247 4181 tar,
259 4124 286 4168 ut
297 4118 347 4168 snb
357 4116 388 4164 lis
406 4129 550 4164 commeare
564 4115 638 4163 miles
650 4121 677 4162 et
688 4129 732 4178 ng·
769 4131 800 4165 ea
811 4116 912 4178 singula
929 4116 1101 4163 decreverunt
1113 4128 1120 4160 ι
1145 4115 1189 4176 qui
1208 4113 1299 4167 modus

204 4211 293 4260 gerere
304 4195 401 4260 possit:
419 4193 467 4243 sub
478 4207 533 4255 eas,
543 4192 582 4260 (id
593 4198 642 4255 est,
653 4193 731 4242 altius
770 4207 832 4242 saue
843 4191 929 4254 aptior
947 4191 972 4239 iu
990 4190 1114 4254 speeiem,
1127 4189 1152 4237 iu
1172 4192 1300 4245 stabilito

204 4288 280 4338 quam
288 4273 397 4337 ee,lpse
406 4267 732 4336 saenetineodealqae
771 4275 833 4332 tem,
843 4267 870 4315 iu
880 4266 1029 4315 motionem.
1048 4264 1202 4346 proceritas
1212 4278 1298 4325 autem
