3000 5040
429 462 434 468 q
469 399 575 450 nora
599 400 811 463 vaurouuat,
833 384 892 451 tac.
1163 381 1232 457 709

131 542 313 606 potlrrs‚quam
327 550 439 593 retorem
452 546 522 594 illum
534 546 659 595 Celtiberi
700 546 832 596 Orationis
852 545 884 595 ad
907 546 1035 595 Caesarem
1058 547 1152 598 liabitas
1171 548 1228 598 fieri

130 618 222 667 Poetae
251 620 440 669 criminatorem
468 623 658 670 convenientia.
699 624 865 671 mentionem.
917 622 991 673 Quod
1019 624 1137 686 qnoniam
1165 624 1229 675 satis

131 695 227 743 Verum
239 695 375 758 aliqnando
391 696 416 744 in
430 711 484 745 rem
496 705 659 760 praesentem,
698 714 825 764 superque
835 701 992 763 argumentis
1003 708 1131 750 ostensum
1144 717 1173 752 ac
1185 702 1232 753 da·

130 770 277 834 iuquacgo
296 772 660 836 omnibusverbisviudicare,
699 777 821 825 claretum
848 776 970 834 arbitror,
996 777 1020 824 iu
1042 784 1144 840 promtu
1161 784 1230 840 erat,

130 861 283 910 manumque
295 863 351 897 cum
364 850 448 911 hoste,
458 849 490 914 (si
503 865 563 899 usus
574 848 658 913 venit)
699 853 797 915 aliquot
824 867 856 901 ex
884 854 952 901 omni
976 868 1081 902 numero
1109 855 1229 918 exempla

128 923 197 984 apud
220 922 372 987 Praetorem,
391 939 466 987 quern
486 924 553 983 dicu,
569 926 660 973 consae·
698 926 822 989 decerpta
833 941 991 990 proponere:
1008 929 1084 990 uude,
1096 936 1228 992 tamquam

128 1013 186 1048 rere
197 1015 252 1048 sum
265 1009 384 1062 paratus:
402 1014 452 1048 non
465 1000 568 1062 quidem
580 1000 658 1047 vitili·
698 1014 729 1048 ex
741 1003 817 1063 volpe
835 1003 946 1064 leonem,
963 1004 1042 1051 cuivis
1054 1013 1182 1066 promtum
1193 1004 1229 1055 sit

130 1075 229 1138 tigaudi
248 1076 335 1124 studio
353 1075 381 1138 (a
400 1089 449 1137 qua
468 1074 564 1131 scabie,
578 1073 658 1120 medi·
698 1076 773 1120 oculo
793 1085 921 1136 prasente
939 1077 1070 1137 arbitrari,
1089 1080 1229 1144 Epistulae,

129 1156 183 1197 tate
194 1164 297 1212 semper
308 1150 374 1209 cavi,
382 1155 412 1195 ut
422 1161 519 1206 ungues
529 1144 657 1208 tenerem)
698 1160 761 1208 ques
773 1146 840 1206 dico,
851 1155 973 1213 utresque
984 1152 1039 1199 sine
1059 1154 1153 1213 probro
1174 1157 1227 1205 lec·

128 1223 174 1273 sed
195 1225 320 1283 veritatis,
341 1229 368 1270 et
389 1222 535 1269 Sallustiani
556 1222 656 1269 lionoris
700 1226 748 1279 tas,
760 1220 808 1268 boc
821 1228 870 1282 est,
881 1237 958 1284 puras
971 1232 1046 1286 potas
1057 1227 1227 1279 Sallustianae

128 1298 296 1348 defendendi.
312 1299 354 1345 cui
374 1297 422 1345 lroc
435 1298 492 1346 loco
504 1303 656 1345 assertorem
697 1308 768 1342 esse:
787 1310 871 1359 neque
890 1298 1023 1362 quicquam
1035 1300 1061 1348 iu
1079 1303 1109 1350 iis
1127 1303 1228 1354 adulte·

127 1378 168 1423 rire
180 1374 281 1422 venisse
292 1371 359 1421 lrarrd
372 1372 489 1435 poeuitct,
505 1371 585 1433 magis
597 1371 657 1419 reti·
697 1370 780 1417 riuum
803 1369 970 1434 deprehendi,
997 1376 1065 1438 qnod
1091 1387 1226 1439 parentem

127 1449 211 1499 coisse
222 1449 329 1511 pigeret.
364 1448 429 1497 Natu
448 1447 502 1494 sire
523 1447 586 1506 huc,
602 1447 656 1494 sire
696 1460 769 1492 rutrum
782 1445 885 1495 infitiari
897 1450 985 1511 possit.
1008 1452 1057 1499 Sed
1068 1453 1125 1515 quis
1134 1456 1225 1506 modus

128 1525 178 1574 alia
189 1524 308 1572 studiosis
326 1522 512 1585 probabuntur,
523 1537 538 1569 a
549 1536 589 1570 me
601 1520 656 1584 qui·
697 1536 784 1583 quaeso
796 1523 1004 1574 observationum
1022 1525 1132 1591 foturus,
1148 1531 1168 1578 si
1181 1538 1229 1580 noi

127 1602 186 1649 dem
207 1615 255 1663 pro
278 1599 346 1647 virili
368 1598 464 1647 dictum
486 1605 513 1645 et
539 1597 655 1660 adjutum
698 1596 736 1646 bis
753 1599 840 1647 lubido
862 1598 941 1649 fuerit
967 1603 1050 1651 omnia
1069 1607 1226 1656 examussim

126 1676 214 1726 fuerit.
257 1675 392 1738 Reliquum
415 1680 465 1734 est,
487 1680 516 1722 ut
539 1673 599 1736 quid
623 1673 655 1721 de
697 1674 882 1738 persequendi?
911 1676 1023 1725 Proinde
1049 1692 1094 1727 nos
1122 1680 1225 1743 quidem

127 1754 277 1817 pervolgata
288 1750 335 1797 bac
353 1749 520 1811 inscriptione
538 1749 656 1809 seutiam,
696 1757 876 1811 properantes,
889 1766 945 1815 quse
958 1760 1058 1802 restant
1070 1754 1226 1807 Grammatl·

127 1842 203 1892 qoam
226 1825 375 1873 brevissime
399 1831 499 1887 potero,
522 1837 656 1886 exponam.
696 1838 782 1872 cortun
793 1825 1097 1891 curiositatiliuquemus,
1106 1822 1228 1881 omissuri

127 1904 194 1954 Nam
215 1902 368 1951 Orationem
392 1901 493 1949 nomine
515 1900 656 1949 censendas
697 1899 774 1948 etiam
801 1901 945 1962 compendii
973 1901 1085 1952 faciundi
1119 1919 1224 1966 caussar

125 1979 283 2043 persuadere
301 1977 360 2024 milri
380 1990 430 2024 non
447 1990 558 2037 possum.
592 1977 655 2026 Pro-
696 1975 770 2022 simul
795 1989 827 2022 ue
852 1977 1023 2024 communium
1057 1980 1225 2045 miseriarum,

125 2054 186 2104 inde
213 2048 443 2118 (more‘majorum
472 2051 539 2115 qnod
565 2050 656 2114 liceat)
696 2064 761 2112 quas
786 2063 833 2110 per
853 2056 893 2098 tot
915 2064 994 2098 annos
1014 2067 1083 2114 segre
1104 2068 1135 2102 ao
1156 2054 1225 2104 duri·

125 2131 264 2194 Epistulas,
286 2143 335 2188 non
360 2130 490 2176 orationes
506 2126 599 2190 judico
618 2130 656 2175 in·
697 2131 738 2171 ter
761 2124 958 2185 exantlavimus,
979 2120 1029 2174 non
1051 2127 1101 2189 ipsi
1123 2129 1225 2179 inme.

125 2205 203 2255 scribi
223 2211 358 2267 oportere:
378 2203 551 2265 conjecturam
571 2215 604 2248 ex
623 2214 655 2248 co
695 2197 800 2246 moriam
818 2197 977 2260 inducamur,
993 2206 1032 2247 tot
1050 2206 1186 2265 tantasque
1197 2203 1224 2253 iu

126 2282 234 2342 ducens,
253 2281 321 2344 quud
342 2286 473 2328 auctorem
493 2278 585 2339 ipsum,
603 2289 655 2324 nou
695 2273 788 2322 illustri
808 2275 905 2337 positus
927 2288 975 2337 pro
998 2289 1052 2338 rep.
1072 2276 1224 2340 indignatio·

125 2368 252 2419 orantem,
268 2359 313 2405 sed
332 2357 490 2404 scribentem
510 2361 601 2416 postea
617 2353 655 2401 in·
695 2365 752 2400 nes:
781 2351 873 2415 quibus
894 2353 978 2400 solens
1000 2367 1058 2406 curu
1081 2354 1161 2403 seculi
1182 2356 1222 2407 sul

125 2436 197 2484 ducit
205 2432 398 2492 Sallustius,bis
407 2431 504 2480 verbis:
515 2430 655 2491 ‘Forsitan
694 2427 763 2476 vitiis
780 2427 858 2476 rixari
874 2435 943 2477 amat
958 2428 1108 2491 Sallustius;
1126 2432 1223 2493 gravia·

126 2511 281 2574 Imperator,
289 2506 410 2571 perlectis
419 2505 512 2554 litteris
522 2504 655 2568 decernes,
694 2503 772 2552 simus
784 2503 872 2551 alienae
884 2512 911 2552 et
925 2505 1036 2566 publicae
1048 2506 1156 2556 luxuriae
1169 2523 1224 2559 cas-

125 2601 202 2652 quem
214 2598 346 2633 numerum
361 2582 513 2630 Senatorum
531 2577 587 2628 fieri
600 2581 655 2643 pla·
694 2577 796 2640 tigator.
818 2580 888 2629 Quas
901 2579 923 2626 si
934 2579 1056 2641 quiscum
1067 2580 1223 2647 Catilinam,

125 2670 192 2724 ceat,
203 2674 304 2725 quoque
315 2658 391 2706 modo
408 2657 433 2704 iu
444 2657 534 2717 multa,
544 2661 571 2705 et
582 2655 654 2704 varia
694 2662 722 2704 et
732 2653 884 2717 Jugurtlrini
900 2654 967 2704 Belli
979 2656 1144 2718 querimoniis
1154 2659 1223 2708 inter

125 2736 227 2797 officia,'
238 2739 287 2784 &e
321 2732 356 2782 Et
366 2733 499 2797 aliquanto
510 2739 582 2796 post:
599 2733 654 2782 ‘Ea
694 2746 721 2780 se
732 2731 890 2780 contendere
901 2731 1019 2791 voluerit,
1027 2729 1104 2780 tacite
1114 2732 1222 2799 ridebit,

124 2808 653 2873 milriomniageneratlmdeacriberehaud
694 2807 808 2870 ejusdem
828 2806 944 2870 imaginis
963 2805 1069 2855 turmam
1088 2808 1223 2870 possidere

125 2889 229 2940 difficile
240 2887 310 2937 factu
327 2885 387 2948 fuit,
398 2886 469 2949 prius
486 2885 652 2934 laborandum
694 2891 832 2947 utrosquei
849 2896 934 2943 neque
954 2882 1024 2930 eliud
1043 2882 1068 2930 iu
1089 2882 1126 2930 his
1138 2879 1222 2947 majus

125 2967 207 3015 visum
229 2971 270 3012 est
292 2962 324 3011 de
347 2975 442 3012 summa
465 2961 582 3022 consilii,’
603 2965 652 3011 dcc.
693 2958 829 3008 discrimen
841 2971 997 3021 comparere,
1016 2971 1092 3020 quam
1103 2972 1153 3022 quo
1166 2958 1222 3008 Me·

125 3040 246 3105 Denique
254 3039 332 3087 etiam
341 3038 388 3085 sub
398 3036 489 3084 linem:
501 3037 580 3086 ‘Qua
592 3038 653 3094 uribi
694 3037 835 3083 nuchmum
858 3040 1004 3095 surreptum
1021 3045 1035 3080 a
1055 3033 1152 3082 Sosicle
1170 3033 1221 3108 dis·

125 3116 200 3165 utilia
218 3114 288 3163 sactu
312 3115 367 3162 visa
386 3120 455 3175 srrnt,
476 3128 584 3176 quaeque
606 3112 652 3161 tibi
692 3112 775 3160 crevit
793 3111 908 3159 Plautus.
941 3110 1029 3161 Quare
1047 3108 1094 3170 bia,
1111 3109 1221 3174 utdixl,

125 3193 183 3245 usui
201 3192 257 3242 lore
277 3190 383 3252 credidi,
402 3204 477 3254 quam
496 3190 654 3254 paucissimis
693 3186 843 3249 preteritis,
854 3184 952 3248 aliquot
963 3183 1032 3248 prius
1051 3197 1068 3231 a
1081 3197 1122 3232 rue
1134 3196 1220 3234 emen·

124 3269 207 3334 potui,
234 3265 392 3333 perscripsi?
435 3266 487 3315 Ubi
516 3263 652 3313 manifesto
693 3261 855 3311 datiunculas
870 3259 986 3325 daturus,
1001 3274 1055 3310 rem
1075 3258 1108 3308 ad
1119 3260 1224 3317 mordis

124 3345 208 3408 rides,
219 3352 246 3394 et
256 3345 400 3393 litterarum
411 3347 438 3390 et
449 3340 594 3404 scriptionis
605 3353 653 3403 per
692 3353 734 3387 um
745 3336 883 3402 aliquando
894 3336 1028 3389 actuum.
1046 3335 1139 3389 noua.

122 3416 224 3473 litteras
239 3420 394 3491 interpretes
405 3415 493 3482 sactae,
505 3430 555 3464 non
565 3412 651 3466 sutem

615 4325 712 4377 &utrm
