3000 5040
305 319 372 391 886
654 331 763 384 uorns
784 331 985 381 vunronuu
1008 332 1049 382 ru

305 480 403 530 docent
423 478 503 541 Dion,
523 475 622 539 Acron,
644 481 672 526 et
693 476 784 526 Cicero
805 475 832 522 in
903 475 952 524 Sed
966 475 1137 541 cquoincepto
1152 477 1402 543 madimumenmbi·

305 556 433 617 oratione,
444 570 495 619 qna
505 553 627 604 Sallustio
639 553 792 618 respondet:
810 553 833 601 si
871 547 917 611 liu]
950 548 993 599 Ita
1011 549 1067 600 fere
1088 553 1148 602 libri
1169 555 1322 604 electiora:
1343 568 1403 602 uam

305 632 437 683 Ciceronis
449 645 480 679 ea
490 638 531 679 est
541 630 633 691 oratio,
644 629 711 694 quod
723 629 766 677 viu
778 643 833 677 cre·
872 625 1009 686 posteriori
1019 641 1075 676 aro
1086 628 1199 692 scriptis,
1208 629 1300 678 omissa
1311 635 1350 679 est
1361 643 1406 677 co·

305 709 349 759 do.
382 709 488 769 Postea,
499 723 531 756 ne
542 707 576 756 de
588 707 702 770 pecuniis
713 715 832 770 repetuu·
871 703 932 766 pula
950 718 1008 765 que:
1036 712 1064 754 ut
1087 705 1144 772 quis
1166 705 1287 756 dubitare
1306 714 1403 770 posset,

305 784 345 836 dis
361 798 466 834 oaumm
482 784 589 846 diceret,
609 783 643 832 H.
656 797 675 832 s.
694 781 833 832 duodecies
870 784 1005 843 utramque
1029 796 1129 843 vocent,
1153 783 1244 848 inceptu
1268 784 1400 846 decimu,

305 875 363 911 cum
375 861 477 911 Caesore
489 868 580 924 pactus
591 866 646 908 est:
665 865 694 907 nt
704 858 730 907 in
742 857 832 907 eadem
870 864 1039 906 commentum
1052 872 1109 908 esse
1120 860 1242 922 glossarii.
1260 861 1387 909 Gruterus.

304 936 548 999 orationelegimus.
575 935 660 985 castil.
701 934 832 997 Antiquos
900 932 1008 982 Ambitio
1017 934 1403 997 museumqmnsideit

304 1026 405 1077 qnoque
425 1013 553 1076 interpres
571 1013 628 1062 haee
646 1011 679 1060 de
690 1024 722 1059 eo
734 1008 831 1059 refert:
869 1021 946 1072 quam
958 1011 979 1058 si
990 1019 1137 1061 remeaverat
1149 1012 1273 1060 dixisset:
1290 1011 1327 1060 sic
1338 1011 1403 1075 lug.

302 1088 414 1139 ‘Fertur
424 1089 561 1138 Sallustius
578 1095 651 1137 tanto
662 1087 755 1136 ardore
765 1086 833 1135 insa·
868 1084 876 1109 ‘
888 1084 981 1148 quihus
1000 1102 1016 1135 a
1032 1088 1099 1137 malo
1117 1087 1220 1151 publico
1231 1086 1400 1137 detineatur!

301 1162 397 1214 nirisae
415 1165 441 1213 in
457 1165 601 1225 libertinas,
612 1169 708 1227 quanto
718 1161 833 1210 machus
871 1161 980 1212 curem.

300 1241 329 1292 ln
340 1248 476 1293 matronas.
500 1241 577 1294 Quod
587 1255 645 1290 curu
657 1240 694 1288 illi
704 1240 729 1288 in
740 1247 832 1288 senatu
901 1236 982 1287 Stutm
992 1254 1030 1288 rer
1037 1245 1119 1301 gestus
1126 1241 1206 1304 populi
1216 1241 1286 1289 Rom.
1298 1239 1401 1303 carptim

301 1319 479 1369 aceumribus
489 1318 622 1381 objectum
638 1325 716 1376 esset,
729 1331 832 1381 respon·
865 1312 1022 1376 perscribere]
1039 1314 1163 1375 inlibris,
1176 1330 1237 1379 quos
1250 1317 1349 1365 Nonius
1360 1329 1401 1364 ae-

300 1392 350 1456 dit,
358 1408 387 1444 se
398 1410 449 1444 non
460 1397 633 1443 matronarum
642 1394 688 1442 sed
699 1392 832 1442 libertine-
868 1397 943 1440 cutus
954 1397 1005 1454 est,
1016 1392 1090 1441 video
1101 1393 1226 1456 scriptum
1237 1391 1314 1440 luisse
1323 1391 1400 1440 Stric-

301 1481 359 1518 rutu
378 1476 533 1518 sectatorem
553 1482 618 1518 esse.
651 1469 737 1520 Quare
748 1482 781 1517 ex
792 1483 831 1517 se·
867 1464 981 1527 lim,nnn
998 1467 1121 1530 carptim:
1144 1468 1317 1518 recitateuim
1330 1468 1400 1518 bunc

300 1548 363 1592 natu
375 1543 476 1606 ejectus
495 1551 545 1607 est,
561 1544 628 1609 quod
647 1542 703 1608 ipse
723 1550 832 1593 excusat
867 1540 951 1590 locunt
963 1542 989 1590 iu
1001 1543 1081 1592 verbo
1092 1543 1203 1593 Strictim
1216 1543 1358 1592 Manutius.

298 1618 327 1669 in
339 1619 456 1669 Catilinae
469 1620 554 1671 betto!
899 1617 923 1666 Α
939 1632 990 1681 spe,
1006 1623 1080 1680 mnu,
1094 1620 1204 1682 partibus
1221 1620 1291 1684 Reip.
1306 1619 1400 1668 crimus

310 1695 355 1744 -A
377 1696 458 1760 repub.
477 1699 559 1759 procul
580 1696 708 1747 iubendum
728 1697 830 1762 ἀραιοὶ]
866 1691 998 1755 libereret]
1014 1694 1120 1743 Etbinc
1132 1695 1214 1745 dictio
1226 1694 1401 1744 ultimuselra

300 1770 342 1822 Sic
363 1772 466 1835 quidem
487 1774 514 1821 in
534 1775 656 1837 Juguru.
679 1773 750 1822 ‘Ubi
769 1772 831 1822 ado.
866 1782 942 1818 semu
953 1768 1121 1818 exterminari
1133 1777 1247 1834 poterat.
1270 1771 1397 1820 Gruterus.

299 1847 448 1899 lescentiam
469 1849 591 1913 habuere,
611 1849 646 1899 ibi
667 1856 829 1899 senectutem
899 1844 978 1900 Quem
986 1845 1207 1909 remtmnepotcro]
1232 1845 1400 1896 Fabiusllic·

299 1926 394 1991 agant:
427 1927 597 1986 Catotamen‚
608 1941 681 1990 utrem
692 1927 828 1990 plurimum
866 1921 966 1972 lorinus
984 1922 1011 1970 in
1029 1921 1075 1970 lib.
1096 1935 1115 1972 1.
1134 1921 1220 1972 Cicer.
1240 1922 1273 1971 de
1292 1922 1398 1972 lavent.

297 2001 414 2067 sequitur
429 2002 532 2051 Sallust.
549 2003 615 2064 ‘ego
627 2002 684 2064 jam
701 2016 717 2050 a
736 2001 830 2063 prinei·
866 1996 975 2046 Rhetor.
994 1997 1069 2061 legit·
1088 2014 1159 2061 quum
1169 1998 1311 2049 brwistime.
1345 2000 1398 2049 Sed

298 2077 344 2140 pio
366 2077 392 2125 in
411 2077 566 2139 parsimonia
585 2082 663 2140 atque
680 2077 706 2124 in
726 2076 829 2136 duritia,
865 2070 1028 2121 bunclocum
1040 2079 1068 2121 st
1079 2086 1138 2121 eum
1155 2073 1198 2136 qui
1217 2087 1278 2136 pag.
1289 2087 1345 2137 seq.
1355 2077 1398 2126 5⁰.

296 2159 375 2218 atque
388 2151 828 2202 industrisornuemadolescentisnr
865 2146 972 2210 legitur,
988 2147 1085 2211 ‘cupre
1103 2154 1235 2210 repetere,
1253 2162 1285 2198 ac
1306 2150 1398 2212 paucis

297 2243 381 2280 meam
393 2230 505 2279 abstinui
516 2229 532 2278 :⁹
559 2237 595 2292 et,
618 2230 710 2279 ‘secur
722 2235 828 2278 meatem
865 2221 985 2272 instituta
995 2222 1138 2286 majorum,'
1156 2224 1193 2272 sic
1209 2229 1250 2273 est
1261 2225 1398 2275 aemulatus

297 2305 689 2371 egeremqnsmitliegisseut!
723 2305 775 2354 Hic
791 2310 828 2353 ta·
864 2297 972 2347 Tacitus
984 2297 1106 2347 Histrv.
1122 2298 1396 2365 ‘Eadecaedequarn

264 2396 267 2401 ·
297 2381 504 2444 msulegeudusu
515 2382 604 2443 credo,
620 2397 636 2430 a
655 2379 736 2444 repul.
746 2380 828 2443 procul
864 2373 998 2422 verissime
1016 2373 1163 2437 expediam,
1177 2374 1199 2423 ei
1218 2385 1302 2438 peuce
1319 2390 1397 2440 snpra

297 2458 528 2519 sgmdomdecreni:
545 2454 826 2520 utJngurtlr.‘Atque
864 2449 1001 2513 petivere!
1034 2449 1182 2499 Videndum
1201 2465 1265 2514 ergo
1285 2464 1317 2499 an
1337 2467 1397 2516 non,

297 2547 345 2595 ego
356 2533 434 2583 credo
445 2532 508 2596 lore,
519 2534 572 2598 qui,
583 2533 644 2597 quia
654 2531 756 2581 decrevi
767 2546 826 2595 pro·
860 2530 952 2589 prim,
963 2525 1086 2576 ebundss·
1106 2526 1214 2576 Ciceros·
1227 2527 1264 2577 sic
1272 2533 1301 2577 et
1315 2527 1397 2580 Urtiu-

297 2609 338 2663 cul
347 2624 362 2658 a
372 2610 464 2673 repub.
474 2616 577 2660 aetatem
587 2624 664 2673 agere
672 2608 687 2670 ;'
706 2614 735 2658 ut
747 2609 826 2660 etiam
896 2603 961 2650 Nem
977 2601 1003 2650 Μ
1014 2602 1112 2662 facim
1122 2603 1147 2652 t'n
1162 2603 1249 2667 primi·
1258 2618 1301 2665 τεο
1312 2620 1396 2653 memo·

297 2684 373 2747 panto
384 2683 459 2733 infra,
493 2685 570 2734 ciacc,
583 2686 620 2734 ⁵10
632 2692 659 2734 et
674 2685 755 2735 vm,
863 2675 936 2726 rabili
947 2677 1067 2740 amima]
1091 2674 1205 2741 Accepit
1214 2678 1281 2728 itanc
1292 2686 1397 2728 senten·

329 2757 457 2808 &refilium
466 2758 558 2823 officiis]
572 2758 637 2808 Ideo
648 2775 664 2808 a
675 2760 825 2822 symmacho
863 2753 936 2816 tiam,
953 2761 982 2804 ut
999 2754 1110 2818 ridetur,
1129 2771 1145 2804 a
1156 2754 1325 2819 Thucydide:
1351 2756 1396 2820 qui

295 2832 341 2883 lib.
355 2846 380 2882 r.
390 2834 467 2897 epist.
476 2839 515 2883 16.
528 2840 580 2881 tarn
591 2833 714 2882 atrociter
725 2832 775 2882 tuit
786 2848 825 2883 re·
863 2828 978 2879 l·1·⁸il=
1005 2830 1104 2879 *brim
1118 2829 1339 2891 ititffltffmlet
1355 2829 1396 2881 tel

294 2909 435 2974 prehensus
445 2909 588 2958 Sallustius.
621 2908 673 2957 Sed
690 2909 825 2961 immerito.
862 2908 1049 2970 ἂξωλογόνπον
1060 2913 1106 2960 τῶν
1115 2911 1331 2975 emmim,
1342 2932 1396 2962 reu·

295 2985 418 3038 Quamvis
428 2985 496 3033 eninr
508 2992 535 3034 et
549 2984 733 3048 agriculturam
744 2993 771 3034 et
783 2999 825 3033 ve·
860 2982 1006 3048 popinam,
1016 2989 1065 3035 &c
1100 2987 1152 3036 Ubi
1171 2988 1275 3038 verbum
1295 2989 1395 3040 turim

294 3061 425 3112 nationem
443 3061 623 3112 honestissima
644 3059 723 3111 inisse
740 3059 824 3111 officia
861 3061 975 3123 positum
987 3068 1028 3111 est
1045 3061 1335 3114 Graececousuetudine
1347 3080 1394 3128 pro

295 3137 364 3200 apud
384 3138 511 3187 Romanos
528 3145 641 3196 constet,
661 3136 722 3201 quid
738 3145 824 3187 tamen
861 3133 965 3198 roricus,
985 3143 1013 3186 et
1031 3145 1060 3186 ut
1079 3138 1214 3188 Sallustius
1233 3140 1289 3204 ipse
1301 3143 1393 3206 vertit,

295 3226 379 3263 ueste
390 3219 440 3274 est,
450 3228 497 3263 eut
514 3228 565 3262 nou
584 3214 705 3263 Sallustio
722 3215 823 3264 servilia
860 3212 1008 3263 existimeris.
1041 3213 1158 3263 Ursinus.

294 3288 345 3341 dici
361 3298 519 3351 mereantur,
531 3306 587 3340 curu
601 3299 669 3340 totus
688 3291 769 3341 adhuc
789 3292 824 3341 sit
892 3289 923 3338 ld
932 3289 1030 3349 sociatu
1045 3290 1169 3354 inprimis
1186 3306 1230 3352 ego
1246 3292 1393 3342 memorabile

294 3365 320 3415 iu
331 3365 509 3416 dissertatione
529 3368 686 3429 prestantia
702 3367 779 3417 animi
796 3374 824 3416 et
859 3365 980 3430 existimo]
1004 3366 1117 3428 Fortius,
1129 3380 1186 3416 ruca
1197 3367 1337 3427 sententia,
1355 3368 1392 3416 lo·

293 3442 393 3491 vilitate
405 3443 536 3506 corporis?
560 3443 717 3493 venationes
737 3449 822 3494 autent
859 3447 952 3505 quntus
964 3440 1065 3502 fuisset,
1076 3442 1167 3491 omisso
1180 3442 1330 3504 pronomine
1341 3458 1392 3508 ego,

292 3521 320 3567 et
329 3517 487 3579 agricultura
504 3531 588 3567 nonne
599 3518 714 3582 corporis
727 3519 823 3570 auxilio
859 3525 886 3568 et
899 3518 978 3568 verbo
989 3519 1107 3568 existimo.
1142 3520 1279 3568 Gruterus.

292 3593 435 3656 parantur?
453 3592 558 3641 Possem
570 3600 597 3642 et
610 3593 745 3643 ostendere
756 3594 822 3645 hanc
891 3595 930 3643 De
946 3593 1011 3654 cnjus
1026 3595 1128 3643 moridm
1142 3609 1218 3657 pauco
1233 3594 1301 3656 prius
1312 3596 1392 3658 explo-

292 3666 439 3732 opiniouem
452 3668 573 3718 Sallustio
585 3684 744 3720 communem
764 3687 822 3722 cum
857 3673 935 3720 suda
944 3672 1010 3734 suot]
1036 3670 1194 3733 Legendum,
1206 3673 1235 3720 de
1246 3671 1310 3730 eujus
1319 3672 1392 3720 lomi·

292 3755 344 3795 non
371 3741 526 3807 ignobilibus
549 3743 711 3809 Philosophia
733 3744 821 3797 sitisse.
857 3746 895 3795 uis
906 3746 1016 3795 moribus.
1051 3747 1149 3798 Rivius.

291 3818 413 3882 Denique
425 3817 492 3868 istud
511 3826 611 3882 tempus
627 3821 740 3870 Sallustii
759 3823 821 3871 mibi
890 3823 964 3871 Prius
974 3837 1044 3886 quum
1054 3824 1168 3872 uurroudi
1179 3823 1274 3873 initium
1287 3824 1390 3888 fecium]

292 3894 435 3956 considera,
455 3910 505 3958 quo
527 3897 677 3946 versationes
699 3911 749 3948 non
768 3906 821 3946 tanr
856 3895 1002 3945 Verisimile
1022 3905 1064 3946 est
1082 3897 1232 3948 Sallustium
1255 3901 1390 3964 scripsisse

292 3971 419 4033 voluptati
436 3977 510 4021 eraut
528 3972 678 4021 lautioribus
696 3980 725 4022 et
743 3973 821 4036 patri·
851 3969 928 4032 socio,
947 3978 977 4020 ut
994 3971 1115 4034 Jugnrtlr.
1133 3974 1204 4023 ‘Sed
1222 3976 1293 4038 prius
1313 3989 1390 4038 quem

291 4044 348 4106 ciis,
359 4061 434 4111 quam
446 4047 527 4097 servis
539 4048 620 4097 oneri.
654 4049 688 4097 Et
700 4048 762 4114 quid
773 4050 820 4098 rui·
856 4046 999 4110 hujusmodi
1011 4049 1049 4097 rei
1060 4049 1161 4099 initium
1173 4050 1295 4114 expedio,
1306 4063 1391 4113 pauca

291 4123 564 4185 rumiutertotbella‚
581 4130 622 4174 tot
637 4124 762 4176 honorum
778 4141 819 4175 ur·
855 4140 934 4190 supra
945 4133 1061 4191 repetam
1071 4127 1088 4176 :'
1113 4136 1139 4176 et
1151 4129 1243 4177 Cicero
1253 4128 1279 4176 in
1290 4127 1390 4178 somnio

293 4193 581 4251 bonorumcertaruina?
611 4201 689 4254 Color.
855 4202 991 4269 Scipion'u,
1013 4204 1130 4256 ‘Grates
1151 4204 1199 4255 tibi
1219 4217 1268 4270 ago
1290 4217 1387 4256 summe
