3000 5040
198 958 202 1108 j
309 951 588 1069 Nouum
642 941 1175 1064 vultuosum

734 1211 764 1247 lii

483 1369 1000 1467 FRAGMENTA

382 1654 751 1732 INCERTORUM
786 1646 1098 1731 LIBRORUM.

188 2331 191 2335 .
227 2260 278 2333 Ne]
305 2265 345 2317 Ex
356 2271 446 2331 quarto
463 2283 495 2317 sn
507 2284 540 2320 err
558 2271 665 2336 quincto
676 2272 727 2321 his·
761 2271 995 2323 borumSuiiustius
1006 2269 1045 2320 rui
1062 2267 1154 2332 ubique
1168 2267 1202 2315 sit
1214 2265 1292 2315 simil-

192 2328 317 2392 iommm
328 2343 394 2393 libro
405 2343 460 2394 iuteo
471 2346 497 2394 in
509 2361 582 2408 voce,
592 2348 725 2411 sublicium,
761 2348 850 2398 limus:
862 2355 890 2399 et
901 2347 957 2396 eliis
965 2346 1017 2395 suis
1025 2345 1108 2404 libris,
1116 2343 1137 2392 si
1150 2357 1212 2408 quos
1224 2340 1293 2390 forte

194 2414 288 2470 Festus
301 2419 423 2479 adducet,
439 2435 515 2472 nemo
533 2421 609 2474 focile
622 2425 727 2486 dixerit,
762 2417 1293 2488 scripsisset,nonminoremGrsrumsticis

193 2493 233 2554 ¹tic
245 2496 312 2544 enirn
328 2496 353 2544 in
366 2495 474 2547 Antonii
492 2499 630 2562 Augustini
643 2516 728 2551 exem·
763 2512 851 2562 novus,
862 2500 913 2548 imo
926 2506 1037 2560 veteres,
1050 2495 1169 2561 ioqtrendi
1182 2496 1293 2543 rationes

194 2569 239 2640 pio
261 2571 385 2633 scriptum
402 2583 459 2622 est:
483 2575 611 2625 Saliustius
626 2577 676 2639 tto„
687 2593 726 2641 qu.
763 2575 788 2623 in
797 2575 829 2624 iis
838 2574 989 2623 observandi
1001 2573 1160 2622 occasionem
1171 2570 1293 2630 dedisset,

195 2662 248 2710 qne
270 2656 330 2697 note
350 2660 456 2713 quartus
477 2667 528 2700 non
548 2655 630 2703 minus
650 2669 725 2717 quom
764 2666 840 2715 quoru
852 2651 890 2712 iis,
901 2664 962 2713 quos
975 2649 1087 2706 mutilos,
1105 2648 1213 2707 laceros,
1232 2659 1293 2692 ron·

195 2721 314 2786 quinctus
330 2725 461 2787 designari
481 2736 581 2788 potest:
599 2737 727 2791 proteres
762 2726 862 2789 scissos,
873 2724 1046 2788 perturbatos,
1057 2730 1084 2770 et
1097 2722 1166 2770 nuiis
1175 2736 1207 2769 eu
1219 2727 1293 2783 parte

194 2788 230 2863 de
249 2798 332 2847 verbis
349 2799 411 2863 ipsis
429 2801 599 2864 Sallustianis,
618 2819 677 2853 cum
689 2805 727 2853 in·
762 2800 810 2850 sibi
822 2801 1006 2864 respondentes
1018 2813 1085 2847 nunc
1102 2801 1128 2846 in
1140 2799 1224 2846 iucem
1241 2797 1294 2844 edi·

196 2887 259 2940 gons
269 2873 295 2922 iu
308 2875 385 2925 Festo
396 2875 430 2925 sit
440 2877 542 2940 lacuna,
559 2879 642 2929 minor
652 2880 726 2930 dubi·
762 2890 827 2938 ntus,
837 2875 1051 2940 suppeditaverit.
1076 2873 1159 2935 Adue,
1171 2873 1238 2936 quod
1251 2872 1294 2920 iiis

196 2950 260 3002 tutio
271 2957 319 3012 est,
337 2957 365 3000 et
376 2966 407 3000 eo
419 2967 447 3002 re
464 2955 568 3003 Festum
586 2956 667 3020 ipsum
685 2971 727 3005 ex·
761 2952 818 3016 ipsu
828 2949 981 3014 fragmenta,
999 2966 1056 3014 qum
1067 2965 1100 2999 ex
1112 2950 1202 3013 quibus
1215 2949 1293 2996 histo·

194 3027 316 3092 primere,
336 3044 422 3092 quum,
444 3031 531 3080 nescio
551 3032 613 3095 quid
634 3047 726 3082 novrum
763 3028 859 3077 riarum
870 3028 943 3076 libris
960 3028 1012 3075 sint
1023 3026 1149 3087 desurntu,
1166 3025 1292 3072 incertum

196 3104 419 3170 comminiscendo,
446 3106 472 3154 in
495 3108 670 3158 temeritatem
690 3109 727 3157 in·
763 3111 813 3166 est,
832 3118 890 3153 cum
908 3103 941 3152 od
960 3103 1006 3152 hos
1027 3103 1130 3166 quidem
1149 3100 1294 3163 superiores

196 3192 309 3242 currere,
320 3182 405 3232 malui.
423 3183 515 3234 Carrio.
761 3181 840 3229 libros
851 3180 982 3245 pertinere
990 3186 1090 3229 certum
1103 3176 1195 3239 sit,cui
1209 3182 1293 3223 tumen

230 3256 372 3316 Cutisrduoc
381 3259 472 3309 insultu
479 3262 632 3327 propinquus]
661 3262 726 3311 Sunt
762 3257 960 3323 unumquodque
977 3270 1064 3306 eorum
1076 3254 1171 3303 debent
1182 3251 1293 3312 assigna·

192 3328 241 3399 ,qui
259 3328 428 3389 fragmentum
447 3335 495 3383 hoc
506 3350 556 3387 vrr.
572 3336 685 3401 srrntqui
697 3349 725 3385 u.
763 3336 795 3397 ri,
815 3342 982 3396 rrontemere
1000 3332 1105 3394 dixeris,
1124 3331 1169 3379 sed
1182 3328 1213 3379 ud
1225 3327 1293 3390 frug-

194 3402 309 3471 iioiiustii
317 3403 439 3471 iristoriae,
450 3416 509 3455 suot
520 3413 564 3471 qui
576 3425 616 3461 xr.
630 3413 726 3461 adseri·
762 3421 884 3463 mentum.
903 3413 1037 3478 Loquitur,
1046 3417 1167 3477 quoutum
1179 3408 1293 3455 divinare

195 3478 277 3548 bunt:
295 3480 341 3528 red
353 3495 411 3530 cum
422 3489 517 3545 prseter
535 3497 562 3531 u.
580 3489 725 3547 superiores
762 3491 845 3551 valeo,
864 3491 896 3540 de
908 3490 996 3540 insulis
1014 3487 1163 3547 fortunatis,
1179 3485 1211 3533 ed
1229 3498 1293 3546 quas

194 3555 356 3607 hurorimuu
368 3557 447 3607 libros
466 3558 548 3608 nuiios
566 3560 726 3609 aGrsmrns-
761 3564 858 3612 rictum
871 3565 981 3614 voluisse
1001 3565 1038 3612 ire
1057 3562 1196 3611 Sertorium
1212 3560 1295 3609 esai·

193 3632 255 3687 ,tiois
267 3634 397 3682 recenseri
408 3633 519 3695 videam,
531 3643 558 3685 et
570 3644 671 3687 veteres
683 3652 726 3687 co·
761 3635 838 3685 iurtio
847 3636 873 3683 iu
884 3636 998 3684 historiis
1012 3649 1068 3683 esse
1081 3633 1215 3695 traditum,
1231 3635 1294 3683 scri·

194 3711 266 3762 dices
277 3717 350 3761 sexto
371 3720 501 3775 postremo
519 3715 574 3763 lime
592 3717 725 3775 tribuunt;
763 3711 801 3761 bit
828 3712 854 3760 in
878 3711 971 3760 librum
995 3709 1103 3773 Epodon
1134 3708 1292 3760 Horatianus

195 3788 299 3840 omniuo
316 3788 382 3836 irunc
398 3802 531 3838 numerum
549 3792 662 3842 retinere
674 3808 725 3841 ms·
761 3787 899 3851 interpres,
911 3787 965 3835 sire
977 3786 997 3835 is
1009 3785 1095 3834 Acron
1106 3791 1156 3846 est,
1166 3786 1219 3836 sive
1228 3786 1293 3834 Por-

195 3863 242 3914 lui.
276 3865 369 3927 Neque
381 3864 447 3912 enim
465 3864 523 3913 mihi
539 3865 725 3929 otverisimite,
762 3865 869 3929 pityrio;
897 3863 943 3913 sed
961 3861 1062 3912 silentio
1085 3861 1291 3924 praetereundum

194 3937 309 4004 reliquos
320 3954 373 4000 eos,
392 3939 413 3986 si
426 3937 501 3986 modo
514 3948 608 4002 praeter
623 3956 678 4001 seu,
696 3948 725 3990 ut
761 3955 812 3991 non
823 3948 873 4002 est,
884 3955 934 4002 me,
948 3954 995 4003 pro
1004 3938 1064 3987 sotis
1075 3938 1203 3999 cormaiot,
1213 3939 1292 4002 scrip·

191 4012 249 4079 jorn
259 4014 323 4076 dixi,
335 4016 378 4063 eiii
392 4015 624 4065 etiumsSrrilustio
635 4017 725 4081 scripti
762 4016 834 4077 sisse,
855 4017 915 4064 ritus
934 4013 1071 4062 constabat:
1105 4012 1172 4078 quod
1194 4027 1227 4061 ne
1248 4013 1291 4062 cui

192 4096 263 4159 gunt,
279 4090 317 4139 ito
329 4103 432 4152 prorsus
444 4091 614 4154 intercidisse,
625 4108 657 4142 ne
669 4108 725 4143 rer·
761 4092 839 4156 prurio
859 4090 1001 4139 huorsniori
1028 4105 1077 4139 non
1097 4090 1213 4154 probem,
1240 4103 1291 4137 non

187 4165 380 4249 „humiquidem
391 4181 423 4218 er
435 4167 466 4216 iis
478 4175 506 4216 ut
518 4184 533 4216 u
544 4168 725 4220 Grammaticis
762 4167 904 4218 timendum
913 4166 974 4216 mihi
983 4182 1039 4216 csse
1050 4166 1176 4216 existimo.
1197 4156 1290 4215 Carrio.

199 4237 339 4297 mustum
355 4242 470 4297 memore·
482 4258 541 4297 oum
550 4252 725 4300 novatorrer·
795 4242 871 4307 Cujus
889 4244 949 4294 deos
967 4241 1067 4306 msto]
1101 4242 1192 4294 Multae
1212 4255 1292 4306 super
