<?xml version="1.0" encoding="UTF-8"?>
<!DOCTYPE html PUBLIC "-//W3C//DTD XHTML 1.0 Transitional//EN"
    "http://www.w3.org/TR/xhtml1/DTD/xhtml1-transitional.dtd">
<html xmlns="http://www.w3.org/1999/xhtml" xml:lang="en" lang="en">
 <head>
  <title>
</title>
<meta http-equiv="Content-Type" content="text/html;charset=utf-8" />
  <meta name='ocr-system' content='tesseract 3.04.00' />
  <meta name='ocr-capabilities' content='ocr_page ocr_carea ocr_par ocr_line ocrx_word'/>
</head>
<body>
  <div class='ocr_page' id='page_1' title='image "./ccrispisallusti00sallgoog_0156.png"; bbox 0 0 3000 5040; ppageno 0'>
   <div class='ocr_carea' id='block_1_1' title="bbox 285 342 1044 421">
    <p class='ocr_par' dir='ltr' id='par_1_1' title="bbox 285 342 1044 421">
     <span class='ocr_line' id='line_1_1' title="bbox 285 342 1044 421; baseline -0.012 -12"><span class='ocrx_word' id='word_1_1' title='bbox 285 342 351 409; x_wconf 80' lang='grc'>548</span> <span class='ocrx_word' id='word_1_2' title='bbox 558 373 576 421; x_wconf 79' lang='lat'>.‘</span> <span class='ocrx_word' id='word_1_3' title='bbox 633 352 746 418; x_wconf 50' lang='lat' dir='ltr'>¹horta</span> <span class='ocrx_word' id='word_1_4' title='bbox 771 351 970 400; x_wconf 81' lang='lat' dir='ltr'>vauroauu</span> <span class='ocrx_word' id='word_1_5' title='bbox 997 352 1044 400; x_wconf 83' lang='lat' dir='ltr'>ru·</span> 
     </span>
    </p>
   </div>
   <div class='ocr_carea' id='block_1_2' title="bbox 277 494 1386 2536">
    <p class='ocr_par' dir='ltr' id='par_1_2' title="bbox 284 494 1386 1245">
     <span class='ocr_line' id='line_1_2' title="bbox 286 494 1384 562; baseline -0.005 -12"><span class='ocrx_word' id='word_1_6' title='bbox 286 515 345 552; x_wconf 81' lang='lat' dir='ltr'>cam</span> <span class='ocrx_word' id='word_1_7' title='bbox 363 514 407 549; x_wconf 87' lang='lat' dir='ltr'>ore</span> <span class='ocrx_word' id='word_1_8' title='bbox 419 497 540 562; x_wconf 81' lang='lat' dir='ltr'>exprimit</span> <span class='ocrx_word' id='word_1_9' title='bbox 552 497 687 548; x_wconf 81' lang='lat' dir='ltr'>ciuitatem</span> <span class='ocrx_word' id='word_1_10' title='bbox 705 495 817 546; x_wconf 70' lang='lat' dir='ltr'>novam!</span> <span class='ocrx_word' id='word_1_11' title='bbox 855 494 976 559; x_wconf 75' lang='lat' dir='ltr'><strong>draginta</strong></span> <span class='ocrx_word' id='word_1_12' title='bbox 993 495 1097 551; x_wconf 84' lang='lat' dir='ltr'>cubitia,</span> <span class='ocrx_word' id='word_1_13' title='bbox 1117 494 1277 545; x_wconf 84' lang='lat' dir='ltr'>latitudinem</span> <span class='ocrx_word' id='word_1_14' title='bbox 1294 494 1384 558; x_wconf 75' lang='lat' dir='ltr'>viginti</span> 
     </span>
     <span class='ocr_line' id='line_1_3' title="bbox 285 570 1385 638; baseline -0.005 -13"><span class='ocrx_word' id='word_1_15' title='bbox 285 570 353 625; x_wconf 86' lang='lat' dir='ltr'>Inde</span> <span class='ocrx_word' id='word_1_16' title='bbox 361 583 411 633; x_wconf 82' lang='lat' dir='ltr'>est,</span> <span class='ocrx_word' id='word_1_17' title='bbox 422 573 490 637; x_wconf 86' lang='lat' dir='ltr'>quod</span> <span class='ocrx_word' id='word_1_18' title='bbox 503 578 611 638; x_wconf 87' lang='lat' dir='ltr'>utraque</span> <span class='ocrx_word' id='word_1_19' title='bbox 623 574 751 635; x_wconf 76' lang='lat' dir='ltr'>Carthago</span> <span class='ocrx_word' id='word_1_20' title='bbox 763 580 816 622; x_wconf 85' lang='lat' dir='ltr'>tata</span> <span class='ocrx_word' id='word_1_21' title='bbox 855 572 953 621; x_wconf 86' lang='lat' dir='ltr'>duobus</span> <span class='ocrx_word' id='word_1_22' title='bbox 965 571 1056 621; x_wconf 86' lang='lat' dir='ltr'>definit</span> <span class='ocrx_word' id='word_1_23' title='bbox 1064 572 1194 621; x_wconf 58' lang='lat' dir='ltr'>&gt;Diodorus</span> <span class='ocrx_word' id='word_1_24' title='bbox 1206 572 1222 620; x_wconf 90' lang='lat' dir='ltr'>l.</span> <span class='ocrx_word' id='word_1_25' title='bbox 1235 584 1325 620; x_wconf 80' lang='lat' dir='ltr'>xxxu.</span> <span class='ocrx_word' id='word_1_26' title='bbox 1337 585 1385 620; x_wconf 85' lang='lat' dir='ltr'>noc</span> 
     </span>
     <span class='ocr_line' id='line_1_4' title="bbox 286 638 1383 714; baseline -0.005 -14"><span class='ocrx_word' id='word_1_27' title='bbox 286 638 382 714; x_wconf 71' lang='lat' dir='ltr'>Libyca</span> <span class='ocrx_word' id='word_1_28' title='bbox 405 664 481 712; x_wconf 89' lang='lat' dir='ltr'>quom</span> <span class='ocrx_word' id='word_1_29' title='bbox 501 648 605 697; x_wconf 84' lang='lat' dir='ltr'>iberica</span> <span class='ocrx_word' id='word_1_30' title='bbox 632 649 763 711; x_wconf 87' lang='lat' dir='ltr'>appellata</span> <span class='ocrx_word' id='word_1_31' title='bbox 782 648 817 696; x_wconf 89' lang='lat' dir='ltr'>sit</span> <span class='ocrx_word' id='word_1_32' title='bbox 854 651 934 696; x_wconf 91' lang='lat' dir='ltr'>multo</span> <span class='ocrx_word' id='word_1_33' title='bbox 950 649 1025 698; x_wconf 84' lang='lat' dir='ltr'>alitor</span> <span class='ocrx_word' id='word_1_34' title='bbox 1041 649 1181 711; x_wconf 87' lang='lat' dir='ltr'>Eutropius</span> <span class='ocrx_word' id='word_1_35' title='bbox 1201 649 1270 696; x_wconf 83' lang='lat' dir='ltr'>liv.</span> <span class='ocrx_word' id='word_1_36' title='bbox 1304 647 1383 710; x_wconf 82' lang='lat' dir='ltr'>Apud</span> 
     </span>
     <span class='ocr_line' id='line_1_5' title="bbox 285 723 1385 787; baseline -0.003 -12"><span class='ocrx_word' id='word_1_37' title='bbox 285 725 352 782; x_wconf 75' lang='grc' dir='ltr'>καινὴ</span> <span class='ocrx_word' id='word_1_38' title='bbox 363 727 440 773; x_wconf 80' lang='grc' dir='ltr'>πόλις.</span> <span class='ocrx_word' id='word_1_39' title='bbox 473 723 541 772; x_wconf 89' lang='lat' dir='ltr'>Vide</span> <span class='ocrx_word' id='word_1_40' title='bbox 552 723 676 786; x_wconf 83' lang='lat' dir='ltr'>stephan.</span> <span class='ocrx_word' id='word_1_41' title='bbox 687 730 714 771; x_wconf 87' lang='lat' dir='ltr'>et</span> <span class='ocrx_word' id='word_1_42' title='bbox 727 723 817 772; x_wconf 80' lang='lat' dir='ltr'>Eusta-</span> <span class='ocrx_word' id='word_1_43' title='bbox 853 725 956 772; x_wconf 87' lang='lat' dir='ltr'>Saidam</span> <span class='ocrx_word' id='word_1_44' title='bbox 974 725 1105 787; x_wconf 81' lang='lat' dir='ltr'>Carthago</span> <span class='ocrx_word' id='word_1_45' title='bbox 1116 725 1211 787; x_wconf 73' lang='lat' dir='ltr'>legitur</span> <span class='ocrx_word' id='word_1_46' title='bbox 1222 724 1303 773; x_wconf 79' lang='lat' dir='ltr'>luisse</span> <span class='ocrx_word' id='word_1_47' title='bbox 1315 724 1385 773; x_wconf 87' lang='lat' dir='ltr'>Urbs</span> 
     </span>
     <span class='ocr_line' id='line_1_6' title="bbox 286 794 1386 864; baseline -0.005 -12"><span class='ocrx_word' id='word_1_48' title='bbox 286 802 382 852; x_wconf 81' lang='lat' dir='ltr'>thium:</span> <span class='ocrx_word' id='word_1_49' title='bbox 400 817 433 850; x_wconf 83' lang='lat' dir='ltr'>ex</span> <span class='ocrx_word' id='word_1_50' title='bbox 452 794 586 850; x_wconf 76' lang='lat' dir='ltr'>Carthatla</span> <span class='ocrx_word' id='word_1_51' title='bbox 605 799 703 849; x_wconf 77' lang='lat' dir='ltr'>tactum</span> <span class='ocrx_word' id='word_1_52' title='bbox 723 805 817 861; x_wconf 74' lang='grc' dir='ltr'><strong><em>Καρχη·</em></strong></span> <span class='ocrx_word' id='word_1_53' title='bbox 853 802 963 849; x_wconf 84' lang='lat' dir='ltr'>maxima</span> <span class='ocrx_word' id='word_1_54' title='bbox 975 801 1055 850; x_wconf 79' lang='lat' dir='ltr'>totius</span> <span class='ocrx_word' id='word_1_55' title='bbox 1073 807 1198 849; x_wconf 89' lang='lat' dir='ltr'>terrarum</span> <span class='ocrx_word' id='word_1_56' title='bbox 1216 809 1243 849; x_wconf 79' lang='lat' dir='ltr'>et</span> <span class='ocrx_word' id='word_1_57' title='bbox 1263 801 1386 864; x_wconf 78' lang='lat' dir='ltr'>potentis·</span> 
     </span>
     <span class='ocr_line' id='line_1_7' title="bbox 285 875 1385 940; baseline 0 -14"><span class='ocrx_word' id='word_1_58' title='bbox 285 878 338 938; x_wconf 66' lang='lat' dir='ltr'>tou,</span> <span class='ocrx_word' id='word_1_59' title='bbox 348 895 368 940; x_wconf 84' lang='grc' dir='ltr'><em>χ</em></span> <span class='ocrx_word' id='word_1_60' title='bbox 386 887 414 926; x_wconf 91' lang='lat' dir='ltr'>et</span> <span class='ocrx_word' id='word_1_61' title='bbox 431 876 616 938; x_wconf 83' lang='lat' dir='ltr'>tpermutatia.</span> <span class='ocrx_word' id='word_1_62' title='bbox 650 875 725 926; x_wconf 79' lang='lat' dir='ltr'>Quod</span> <span class='ocrx_word' id='word_1_63' title='bbox 743 875 816 923; x_wconf 87' lang='lat' dir='ltr'>Sica·</span> <span class='ocrx_word' id='word_1_64' title='bbox 854 877 925 925; x_wconf 85' lang='lat' dir='ltr'>sima.</span> <span class='ocrx_word' id='word_1_65' title='bbox 960 877 1038 926; x_wconf 91' lang='lat' dir='ltr'>luitio</span> <span class='ocrx_word' id='word_1_66' title='bbox 1057 877 1119 925; x_wconf 89' lang='lat' dir='ltr'>belli</span> <span class='ocrx_word' id='word_1_67' title='bbox 1140 877 1233 924; x_wconf 86' lang='lat' dir='ltr'>Puuiei</span> <span class='ocrx_word' id='word_1_68' title='bbox 1255 877 1385 940; x_wconf 81' lang='lat' dir='ltr'>Carthago</span> 
     </span>
     <span class='ocr_line' id='line_1_8' title="bbox 284 948 1385 1016; baseline -0.002 -13"><span class='ocrx_word' id='word_1_69' title='bbox 284 949 367 1003; x_wconf 90' lang='lat' dir='ltr'>lorum</span> <span class='ocrx_word' id='word_1_70' title='bbox 385 953 517 1016; x_wconf 88' lang='lat' dir='ltr'>proprium</span> <span class='ocrx_word' id='word_1_71' title='bbox 536 959 586 1013; x_wconf 85' lang='lat' dir='ltr'>est,</span> <span class='ocrx_word' id='word_1_72' title='bbox 606 952 649 1013; x_wconf 88' lang='lat' dir='ltr'>qui</span> <span class='ocrx_word' id='word_1_73' title='bbox 668 966 714 1013; x_wconf 93' lang='lat' dir='ltr'>pro</span> <span class='ocrx_word' id='word_1_74' title='bbox 730 948 816 1012; x_wconf 70' lang='grc' dir='ltr'><strong><em>ὄρνιθος</em></strong></span> <span class='ocrx_word' id='word_1_75' title='bbox 853 952 947 1001; x_wconf 82' lang='lat' dir='ltr'>civium</span> <span class='ocrx_word' id='word_1_76' title='bbox 964 951 1055 1001; x_wconf 88' lang='lat' dir='ltr'>hahuit</span> <span class='ocrx_word' id='word_1_77' title='bbox 1074 951 1239 1014; x_wconf 74' lang='lat' dir='ltr'>septingenta</span> <span class='ocrx_word' id='word_1_78' title='bbox 1256 953 1344 1014; x_wconf 84' lang='lat' dir='ltr'>millia,</span> <span class='ocrx_word' id='word_1_79' title='bbox 1356 959 1385 1001; x_wconf 90' lang='lat' dir='ltr'>et</span> 
     </span>
     <span class='ocr_line' id='line_1_9' title="bbox 284 1028 1384 1099; baseline 0 -23"><span class='ocrx_word' id='word_1_80' title='bbox 284 1029 377 1099; x_wconf 72' lang='lat' dir='ltr'>tlicunt</span> <span class='ocrx_word' id='word_1_81' title='bbox 399 1028 502 1094; x_wconf 76' lang='grc' dir='ltr'><strong><em>ὅρνιχεςε</em></strong></span> <span class='ocrx_word' id='word_1_82' title='bbox 531 1035 557 1077; x_wconf 86' lang='lat' dir='ltr'>et</span> <span class='ocrx_word' id='word_1_83' title='bbox 579 1042 671 1076; x_wconf 84' lang='lat' dir='ltr'>nomen</span> <span class='ocrx_word' id='word_1_84' title='bbox 696 1028 814 1077; x_wconf 83' lang='lat' dir='ltr'>Latinum</span> <span class='ocrx_word' id='word_1_85' title='bbox 853 1029 879 1077; x_wconf 89' lang='lat' dir='ltr'>in</span> <span class='ocrx_word' id='word_1_86' title='bbox 891 1028 981 1078; x_wconf 78' lang='lat' dir='ltr'>Africa</span> <span class='ocrx_word' id='word_1_87' title='bbox 993 1036 1122 1078; x_wconf 83' lang='lat' dir='ltr'>trecentas</span> <span class='ocrx_word' id='word_1_88' title='bbox 1137 1028 1213 1077; x_wconf 82' lang='lat' dir='ltr'>urbes</span> <span class='ocrx_word' id='word_1_89' title='bbox 1230 1029 1276 1076; x_wconf 83' lang='lat' dir='ltr'>arrh</span> <span class='ocrx_word' id='word_1_90' title='bbox 1288 1045 1334 1077; x_wconf 81' lang='lat' dir='ltr'>arra</span> <span class='ocrx_word' id='word_1_91' title='bbox 1345 1029 1384 1077; x_wconf 83' lang='lat' dir='ltr'>‹li-</span> 
     </span>
     <span class='ocr_line' id='line_1_10' title="bbox 286 1103 1384 1168; baseline -0.002 -12"><span class='ocrx_word' id='word_1_92' title='bbox 286 1106 415 1168; x_wconf 80' lang='lat' dir='ltr'>Carthago</span> <span class='ocrx_word' id='word_1_93' title='bbox 426 1123 458 1154; x_wconf 82' lang='lat' dir='ltr'>ex</span> <span class='ocrx_word' id='word_1_94' title='bbox 478 1104 568 1154; x_wconf 78' lang='lat' dir='ltr'>eadem</span> <span class='ocrx_word' id='word_1_95' title='bbox 588 1112 627 1153; x_wconf 85' lang='lat' dir='ltr'>est</span> <span class='ocrx_word' id='word_1_96' title='bbox 644 1104 750 1167; x_wconf 79' lang='lat' dir='ltr'>origine,</span> <span class='ocrx_word' id='word_1_97' title='bbox 769 1103 814 1150; x_wconf 83' lang='lat' dir='ltr'>sod</span> <span class='ocrx_word' id='word_1_98' title='bbox 855 1107 934 1156; x_wconf 85' lang='lat' dir='ltr'>tione.</span> <span class='ocrx_word' id='word_1_99' title='bbox 969 1107 1051 1155; x_wconf 86' lang='lat' dir='ltr'>Plura</span> <span class='ocrx_word' id='word_1_100' title='bbox 1073 1105 1131 1154; x_wconf 86' lang='lat' dir='ltr'>vide</span> <span class='ocrx_word' id='word_1_101' title='bbox 1153 1120 1186 1153; x_wconf 82' lang='lat' dir='ltr'>ex</span> <span class='ocrx_word' id='word_1_102' title='bbox 1209 1105 1334 1153; x_wconf 81' lang='lat' dir='ltr'><strong>Strabone</strong></span> <span class='ocrx_word' id='word_1_103' title='bbox 1355 1113 1384 1154; x_wconf 84' lang='lat' dir='ltr'>ot</span> 
     </span>
     <span class='ocr_line' id='line_1_11' title="bbox 284 1180 1115 1245; baseline -0.008 -13"><span class='ocrx_word' id='word_1_104' title='bbox 284 1182 318 1232; x_wconf 83' lang='lat' dir='ltr'>ab</span> <span class='ocrx_word' id='word_1_105' title='bbox 330 1182 454 1245; x_wconf 82' lang='lat' dir='ltr'>Hispanis</span> <span class='ocrx_word' id='word_1_106' title='bbox 465 1181 630 1244; x_wconf 79' lang='lat' dir='ltr'>interpolata,</span> <span class='ocrx_word' id='word_1_107' title='bbox 644 1180 735 1243; x_wconf 81' lang='lat' dir='ltr'>quihus</span> <span class='ocrx_word' id='word_1_108' title='bbox 743 1193 815 1238; x_wconf 81' lang='lat' dir='ltr'>gama</span> <span class='ocrx_word' id='word_1_109' title='bbox 853 1181 983 1245; x_wconf 79' lang='lat' dir='ltr'>Appiano.</span> <span class='ocrx_word' id='word_1_110' title='bbox 1002 1183 1115 1231; x_wconf 59' lang='lat' dir='ltr'>Bor-hart.</span> 
     </span>
    </p>

    <p class='ocr_par' dir='ltr' id='par_1_3' title="bbox 277 1254 1384 2536">
     <span class='ocr_line' id='line_1_12' title="bbox 285 1254 1384 1321; baseline -0.003 -12"><span class='ocrx_word' id='word_1_111' title='bbox 285 1259 428 1319; x_wconf 78' lang='lat' dir='ltr'>estuans,</span> <span class='ocrx_word' id='word_1_112' title='bbox 447 1254 719 1320; x_wconf 67' lang='lat' dir='ltr'>etgotphtadetphin.</span> <span class='ocrx_word' id='word_1_113' title='bbox 752 1255 814 1302; x_wconf 65' lang='lat' dir='ltr'><strong>Car·</strong></span> <span class='ocrx_word' id='word_1_114' title='bbox 885 1260 968 1321; x_wconf 79' lang='lat' dir='ltr'>Igitur</span> <span class='ocrx_word' id='word_1_115' title='bbox 988 1262 1019 1307; x_wconf 80' lang='lat' dir='ltr'>nti</span> <span class='ocrx_word' id='word_1_116' title='bbox 1048 1259 1227 1318; x_wconf 70' lang='lat' dir='ltr'>Catabathmon,</span> <span class='ocrx_word' id='word_1_117' title='bbox 1254 1258 1295 1321; x_wconf 83' lang='lat' dir='ltr'>qm&#39;</span> <span class='ocrx_word' id='word_1_118' title='bbox 1322 1260 1384 1306; x_wconf 78' lang='lat' dir='ltr'>haus</span> 
     </span>
     <span class='ocr_line' id='line_1_13' title="bbox 286 1326 1384 1400; baseline -0.004 -15"><span class='ocrx_word' id='word_1_119' title='bbox 286 1326 397 1400; x_wconf 76' lang='lat' dir='ltr'>lhaginis</span> <span class='ocrx_word' id='word_1_120' title='bbox 422 1343 473 1384; x_wconf 82' lang='lat' dir='ltr'>tres</span> <span class='ocrx_word' id='word_1_121' title='bbox 501 1339 576 1380; x_wconf 88' lang='lat' dir='ltr'>eraut</span> <span class='ocrx_word' id='word_1_122' title='bbox 601 1338 697 1394; x_wconf 83' lang='lat' dir='ltr'>partes,</span> <span class='ocrx_word' id='word_1_123' title='bbox 721 1329 814 1387; x_wconf 71' lang='lat' dir='ltr'>aanor,</span> <span class='ocrx_word' id='word_1_124' title='bbox 852 1336 985 1398; x_wconf 80' lang='lat' dir='ltr'>AEgpptum</span> <span class='ocrx_word' id='word_1_125' title='bbox 1006 1335 1036 1384; x_wconf 82' lang='lat' dir='ltr'>uh</span> <span class='ocrx_word' id='word_1_126' title='bbox 1063 1335 1148 1394; x_wconf 67' lang='lat' dir='ltr'>Attiou</span> <span class='ocrx_word' id='word_1_127' title='bbox 1169 1336 1263 1396; x_wconf 75' lang='lat' dir='ltr'>dividit,</span> <span class='ocrx_word' id='word_1_128' title='bbox 1285 1336 1384 1382; x_wconf 71' lang='lat' dir='ltr'>mantio</span> 
     </span>
     <span class='ocr_line' id='line_1_14' title="bbox 286 1400 1382 1473; baseline -0.001 -14"><span class='ocrx_word' id='word_1_129' title='bbox 286 1400 385 1473; x_wconf 60' lang='grc' dir='ltr'>Μέγαρα</span> <span class='ocrx_word' id='word_1_130' title='bbox 396 1417 422 1458; x_wconf 90' lang='lat' dir='ltr'>et</span> <span class='ocrx_word' id='word_1_131' title='bbox 433 1407 518 1472; x_wconf 72' lang='grc' dir='ltr'><strong><em>Βύρσα.</em></strong></span> <span class='ocrx_word' id='word_1_132' title='bbox 552 1407 814 1456; x_wconf 80' lang='lat' dir='ltr'>Cothoneratiusula</span> <span class='ocrx_word' id='word_1_133' title='bbox 851 1412 999 1473; x_wconf 69' lang='lat' dir='ltr'>mmiprima</span> <span class='ocrx_word' id='word_1_134' title='bbox 1020 1412 1111 1473; x_wconf 76' lang='lat' dir='ltr'>Cyrene</span> <span class='ocrx_word' id='word_1_135' title='bbox 1130 1410 1176 1473; x_wconf 78' lang='lat' dir='ltr'>est]</span> <span class='ocrx_word' id='word_1_136' title='bbox 1209 1410 1382 1459; x_wconf 87' lang='lat' dir='ltr'>Hunclocum</span> 
     </span>
     <span class='ocr_line' id='line_1_15' title="bbox 286 1484 1384 1550; baseline -0.001 -15"><span class='ocrx_word' id='word_1_137' title='bbox 286 1501 373 1550; x_wconf 83' lang='lat' dir='ltr'>parvo,</span> <span class='ocrx_word' id='word_1_138' title='bbox 392 1485 513 1543; x_wconf 87' lang='lat' dir='ltr'>rotunda,</span> <span class='ocrx_word' id='word_1_139' title='bbox 530 1484 627 1546; x_wconf 85' lang='lat' dir='ltr'><strong>Euripo</strong></span> <span class='ocrx_word' id='word_1_140' title='bbox 647 1484 813 1543; x_wconf 83' lang='lat' dir='ltr'>circumdata,</span> <span class='ocrx_word' id='word_1_141' title='bbox 852 1486 1001 1535; x_wconf 68' lang='lat' dir='ltr'>mendosum</span> <span class='ocrx_word' id='word_1_142' title='bbox 1023 1500 1099 1546; x_wconf 43' lang='lat' dir='ltr'>esses</span> <span class='ocrx_word' id='word_1_143' title='bbox 1113 1502 1145 1534; x_wconf 86' lang='lat' dir='ltr'>ea</span> <span class='ocrx_word' id='word_1_144' title='bbox 1164 1501 1222 1549; x_wconf 78' lang='lat' dir='ltr'>qum</span> <span class='ocrx_word' id='word_1_145' title='bbox 1245 1500 1324 1549; x_wconf 89' lang='lat' dir='ltr'>supra</span> <span class='ocrx_word' id='word_1_146' title='bbox 1340 1501 1384 1548; x_wconf 92' lang='lat' dir='ltr'>po·</span> 
     </span>
     <span class='ocr_line' id='line_1_16' title="bbox 284 1559 1383 1625; baseline -0.003 -14"><span class='ocrx_word' id='word_1_147' title='bbox 284 1562 403 1625; x_wconf 88' lang='lat' dir='ltr'>utrinque</span> <span class='ocrx_word' id='word_1_148' title='bbox 421 1561 533 1609; x_wconf 84' lang='lat' dir='ltr'>habente</span> <span class='ocrx_word' id='word_1_149' title='bbox 552 1559 577 1606; x_wconf 91' lang='lat' dir='ltr'>in</span> <span class='ocrx_word' id='word_1_150' title='bbox 596 1559 683 1608; x_wconf 89' lang='lat' dir='ltr'>orbem</span> <span class='ocrx_word' id='word_1_151' title='bbox 704 1559 813 1607; x_wconf 84' lang='lat' dir='ltr'>navalia.</span> <span class='ocrx_word' id='word_1_152' title='bbox 851 1562 900 1622; x_wconf 82' lang='lat' dir='ltr'>aui,</span> <span class='ocrx_word' id='word_1_153' title='bbox 916 1559 1148 1610; x_wconf 87' lang='lat' dir='ltr'>satis&#39;ostendunt:</span> <span class='ocrx_word' id='word_1_154' title='bbox 1168 1575 1226 1608; x_wconf 90' lang='lat' dir='ltr'>uam</span> <span class='ocrx_word' id='word_1_155' title='bbox 1242 1561 1274 1608; x_wconf 88' lang='lat' dir='ltr'>ab</span> <span class='ocrx_word' id='word_1_156' title='bbox 1289 1561 1383 1623; x_wconf 81' lang='lat' dir='ltr'>AEgyp·</span> 
     </span>
     <span class='ocr_line' id='line_1_17' title="bbox 284 1635 1383 1704; baseline -0.003 -17"><span class='ocrx_word' id='word_1_157' title='bbox 284 1637 376 1704; x_wconf 69' lang='lat' dir='ltr'>Festus</span> <span class='ocrx_word' id='word_1_158' title='bbox 387 1637 476 1686; x_wconf 77' lang='lat' dir='ltr'>scribit</span> <span class='ocrx_word' id='word_1_159' title='bbox 487 1636 605 1685; x_wconf 80' lang='lat' dir='ltr'>Cothonea</span> <span class='ocrx_word' id='word_1_160' title='bbox 613 1635 739 1698; x_wconf 86' lang='lat' dir='ltr'>appellari</span> <span class='ocrx_word' id='word_1_161' title='bbox 755 1649 814 1697; x_wconf 89' lang='lat' dir='ltr'>por·</span> <span class='ocrx_word' id='word_1_162' title='bbox 852 1641 879 1685; x_wconf 93' lang='lat' dir='ltr'>to</span> <span class='ocrx_word' id='word_1_163' title='bbox 907 1636 1073 1698; x_wconf 79' lang='lat' dir='ltr'>pergentibus</span> <span class='ocrx_word' id='word_1_164' title='bbox 1108 1643 1167 1699; x_wconf 86' lang='lat' dir='ltr'>post</span> <span class='ocrx_word' id='word_1_165' title='bbox 1194 1637 1383 1685; x_wconf 81' lang='lat' dir='ltr'><em>Catabathmon</em></span> 
     </span>
     <span class='ocr_line' id='line_1_18' title="bbox 283 1712 1382 1775; baseline -0.003 -12"><span class='ocrx_word' id='word_1_166' title='bbox 283 1719 325 1763; x_wconf 89' lang='lat' dir='ltr'>tus</span> <span class='ocrx_word' id='word_1_167' title='bbox 339 1715 365 1762; x_wconf 90' lang='lat' dir='ltr'>in</span> <span class='ocrx_word' id='word_1_168' title='bbox 377 1714 441 1762; x_wconf 83' lang='lat' dir='ltr'>mari</span> <span class='ocrx_word' id='word_1_169' title='bbox 460 1713 607 1772; x_wconf 83' lang='lat' dir='ltr'>interiores,</span> <span class='ocrx_word' id='word_1_170' title='bbox 619 1718 675 1759; x_wconf 86' lang='lat' dir='ltr'>arte</span> <span class='ocrx_word' id='word_1_171' title='bbox 695 1718 721 1760; x_wconf 89' lang='lat' dir='ltr'>et</span> <span class='ocrx_word' id='word_1_172' title='bbox 739 1725 814 1759; x_wconf 86' lang='lat' dir='ltr'>urano</span> <span class='ocrx_word' id='word_1_173' title='bbox 851 1712 934 1775; x_wconf 89' lang='lat' dir='ltr'>prima</span> <span class='ocrx_word' id='word_1_174' title='bbox 954 1713 1056 1774; x_wconf 78' lang='lat' dir='ltr'>Cyrene</span> <span class='ocrx_word' id='word_1_175' title='bbox 1077 1719 1131 1760; x_wconf 83' lang='lat' dir='ltr'>ert:</span> <span class='ocrx_word' id='word_1_176' title='bbox 1161 1712 1297 1775; x_wconf 77' lang='lat' dir='ltr'>legendum</span> <span class='ocrx_word' id='word_1_177' title='bbox 1320 1727 1382 1774; x_wconf 77' lang='lat' dir='ltr'>ergo</span> 
     </span>
     <span class='ocr_line' id='line_1_19' title="bbox 283 1786 1384 1852; baseline -0.001 -15"><span class='ocrx_word' id='word_1_178' title='bbox 283 1787 376 1838; x_wconf 85' lang='lat' dir='ltr'>factos.</span> <span class='ocrx_word' id='word_1_179' title='bbox 408 1789 459 1840; x_wconf 87' lang='lat' dir='ltr'>Sed</span> <span class='ocrx_word' id='word_1_180' title='bbox 471 1789 605 1837; x_wconf 76' lang='lat' dir='ltr'>incisionem</span> <span class='ocrx_word' id='word_1_181' title='bbox 622 1788 725 1852; x_wconf 88' lang='lat' dir='ltr'>proprie</span> <span class='ocrx_word' id='word_1_182' title='bbox 737 1786 813 1836; x_wconf 77' lang='lat' dir='ltr'>deno·</span> <span class='ocrx_word' id='word_1_183' title='bbox 851 1787 918 1835; x_wconf 86' lang='lat' dir='ltr'>haud</span> <span class='ocrx_word' id='word_1_184' title='bbox 945 1787 1040 1837; x_wconf 84' lang='lat' dir='ltr'>dabie:</span> <span class='ocrx_word' id='word_1_185' title='bbox 1069 1787 1150 1848; x_wconf 77' lang='lat' dir='ltr'>Igitur</span> <span class='ocrx_word' id='word_1_186' title='bbox 1176 1802 1191 1834; x_wconf 85' lang='lat' dir='ltr'><em>a</em></span> <span class='ocrx_word' id='word_1_187' title='bbox 1219 1787 1384 1836; x_wconf 79' lang='lat' dir='ltr'>Catabathmo.</span> 
     </span>
     <span class='ocr_line' id='line_1_20' title="bbox 283 1863 1342 1929; baseline -0.002 -16"><span class='ocrx_word' id='word_1_188' title='bbox 283 1869 336 1923; x_wconf 77' lang='lat' dir='ltr'>tat3</span> <span class='ocrx_word' id='word_1_189' title='bbox 355 1863 603 1929; x_wconf 74' lang='lat' dir='ltr'>namapudhrahea</span> <span class='ocrx_word' id='word_1_190' title='bbox 620 1863 813 1929; x_wconf 75' lang='lat' dir='ltr'>(Katham)sig·</span> <span class='ocrx_word' id='word_1_191' title='bbox 851 1863 1045 1912; x_wconf 77' lang='lat' dir='ltr'>Semadooutem</span> <span class='ocrx_word' id='word_1_192' title='bbox 1055 1864 1124 1912; x_wconf 83' lang='lat' dir='ltr'>mari.</span> <span class='ocrx_word' id='word_1_193' title='bbox 1143 1863 1263 1912; x_wconf 86' lang='lat' dir='ltr'>Ciaccon.</span> <span class='ocrx_word' id='word_1_194' title='bbox 1340 1898 1342 1902; x_wconf 68' lang='lat'><em>.</em></span> 
     </span>
     <span class='ocr_line' id='line_1_21' title="bbox 283 1937 1382 2003; baseline -0.001 -15"><span class='ocrx_word' id='word_1_195' title='bbox 283 1939 373 1989; x_wconf 84' lang='lat' dir='ltr'>niticat</span> <span class='ocrx_word' id='word_1_196' title='bbox 384 1941 495 1990; x_wconf 80' lang='lat' dir='ltr'>incidere.</span> <span class='ocrx_word' id='word_1_197' title='bbox 528 1942 603 1990; x_wconf 78' lang='lat' dir='ltr'>Cirta</span> <span class='ocrx_word' id='word_1_198' title='bbox 617 1940 724 1989; x_wconf 86' lang='lat' dir='ltr'>mediam</span> <span class='ocrx_word' id='word_1_199' title='bbox 738 1956 813 2003; x_wconf 88' lang='lat' dir='ltr'>porro</span> <span class='ocrx_word' id='word_1_200' title='bbox 883 1937 1071 2000; x_wconf 76' lang='lat' dir='ltr'>Secuudomari]</span> <span class='ocrx_word' id='word_1_201' title='bbox 1105 1938 1284 1987; x_wconf 77' lang='lat' dir='ltr'>Existimarem</span> <span class='ocrx_word' id='word_1_202' title='bbox 1302 1937 1382 1987; x_wconf 87' lang='lat' dir='ltr'>etiam</span> 
     </span>
     <span class='ocr_line' id='line_1_22' title="bbox 283 2012 1383 2081; baseline -0.005 -14"><span class='ocrx_word' id='word_1_203' title='bbox 283 2017 371 2067; x_wconf 88' lang='lat' dir='ltr'>urbem</span> <span class='ocrx_word' id='word_1_204' title='bbox 383 2033 429 2066; x_wconf 84' lang='lat' dir='ltr'>arx</span> <span class='ocrx_word' id='word_1_205' title='bbox 446 2017 506 2078; x_wconf 84' lang='lat' dir='ltr'>suit,</span> <span class='ocrx_word' id='word_1_206' title='bbox 525 2031 599 2081; x_wconf 87' lang='lat' dir='ltr'>quam</span> <span class='ocrx_word' id='word_1_207' title='bbox 617 2018 725 2079; x_wconf 82' lang='lat' dir='ltr'>Byrsam</span> <span class='ocrx_word' id='word_1_208' title='bbox 741 2030 813 2065; x_wconf 84' lang='lat' dir='ltr'>voca·</span> <span class='ocrx_word' id='word_1_209' title='bbox 849 2014 996 2062; x_wconf 70' lang='lat' dir='ltr'>Sallustium</span> <span class='ocrx_word' id='word_1_210' title='bbox 1009 2012 1154 2074; x_wconf 75' lang='lat' dir='ltr'>scripsisse,</span> <span class='ocrx_word' id='word_1_211' title='bbox 1164 2015 1288 2062; x_wconf 60' lang='lat' dir='ltr'>monadum</span> <span class='ocrx_word' id='word_1_212' title='bbox 1304 2029 1383 2062; x_wconf 76' lang='lat' dir='ltr'>mare:</span> 
     </span>
     <span class='ocr_line' id='line_1_23' title="bbox 283 2088 1381 2155; baseline -0.008 -14"><span class='ocrx_word' id='word_1_213' title='bbox 283 2100 356 2141; x_wconf 87' lang='lat' dir='ltr'>runt:</span> <span class='ocrx_word' id='word_1_214' title='bbox 376 2093 543 2155; x_wconf 75' lang='lat' dir='ltr'>supercilium</span> <span class='ocrx_word' id='word_1_215' title='bbox 559 2093 619 2140; x_wconf 80' lang='lat' dir='ltr'>satia</span> <span class='ocrx_word' id='word_1_216' title='bbox 635 2100 751 2140; x_wconf 86' lang='lat' dir='ltr'>ereetum</span> <span class='ocrx_word' id='word_1_217' title='bbox 763 2093 813 2141; x_wconf 90' lang='lat' dir='ltr'>cir·</span> <span class='ocrx_word' id='word_1_218' title='bbox 850 2103 910 2148; x_wconf 87' lang='lat' dir='ltr'>non,</span> <span class='ocrx_word' id='word_1_219' title='bbox 921 2091 1018 2136; x_wconf 76' lang='lat' dir='ltr'>secunda</span> <span class='ocrx_word' id='word_1_220' title='bbox 1029 2089 1100 2148; x_wconf 72' lang='lat' dir='ltr'>matri,</span> <span class='ocrx_word' id='word_1_221' title='bbox 1119 2088 1168 2136; x_wconf 75' lang='lat' dir='ltr'>nisi</span> <span class='ocrx_word' id='word_1_222' title='bbox 1186 2089 1251 2137; x_wconf 78' lang='lat' dir='ltr'>hanc</span> <span class='ocrx_word' id='word_1_223' title='bbox 1272 2088 1381 2138; x_wconf 76' lang='lat' dir='ltr'>eandem</span> 
     </span>
     <span class='ocr_line' id='line_1_24' title="bbox 284 2162 1380 2234; baseline -0.004 -16"><span class='ocrx_word' id='word_1_224' title='bbox 284 2169 606 2234; x_wconf 85' lang='lat' dir='ltr'>cumquaquehabitatum.</span> <span class='ocrx_word' id='word_1_225' title='bbox 624 2167 812 2218; x_wconf 78' lang='lat' dir='ltr'>Aurlritoaauc-</span> <span class='ocrx_word' id='word_1_226' title='bbox 849 2163 952 2212; x_wconf 67' lang='lat' dir='ltr'>dicentii</span> <span class='ocrx_word' id='word_1_227' title='bbox 987 2162 1095 2212; x_wconf 81' lang='lat' dir='ltr'>formant</span> <span class='ocrx_word' id='word_1_228' title='bbox 1130 2164 1282 2213; x_wconf 77' lang='lat' dir='ltr'>invenissem</span> <span class='ocrx_word' id='word_1_229' title='bbox 1300 2165 1380 2228; x_wconf 77' lang='lat' dir='ltr'>apud</span> 
     </span>
     <span class='ocr_line' id='line_1_25' title="bbox 283 2238 1383 2304; baseline -0.006 -9"><span class='ocrx_word' id='word_1_230' title='bbox 283 2251 341 2296; x_wconf 89' lang='lat' dir='ltr'>tore</span> <span class='ocrx_word' id='word_1_231' title='bbox 352 2245 452 2304; x_wconf 80' lang='lat' dir='ltr'>Servio,</span> <span class='ocrx_word' id='word_1_232' title='bbox 466 2242 515 2293; x_wconf 83' lang='lat' dir='ltr'>tuit</span> <span class='ocrx_word' id='word_1_233' title='bbox 534 2244 675 2293; x_wconf 89' lang='lat' dir='ltr'>stadiomm</span> <span class='ocrx_word' id='word_1_234' title='bbox 688 2257 761 2293; x_wconf 81' lang='lat' dir='ltr'>xxrr.</span> <span class='ocrx_word' id='word_1_235' title='bbox 772 2245 812 2292; x_wconf 86' lang='lat' dir='ltr'>vel</span> <span class='ocrx_word' id='word_1_236' title='bbox 849 2240 970 2290; x_wconf 85' lang='lat' dir='ltr'>Orosium</span> <span class='ocrx_word' id='word_1_237' title='bbox 984 2254 1002 2288; x_wconf 89' lang='lat' dir='ltr'>r.</span> <span class='ocrx_word' id='word_1_238' title='bbox 1012 2244 1037 2288; x_wconf 80' lang='lat'>2.</span> <span class='ocrx_word' id='word_1_239' title='bbox 1053 2241 1060 2266; x_wconf 85' lang='lat'><strong>‘</strong></span> <span class='ocrx_word' id='word_1_240' title='bbox 1072 2238 1154 2302; x_wconf 86' lang='lat' dir='ltr'>1ade,’</span> <span class='ocrx_word' id='word_1_241' title='bbox 1167 2241 1259 2302; x_wconf 85' lang='lat' dir='ltr'>inquit,</span> <span class='ocrx_word' id='word_1_242' title='bbox 1274 2245 1383 2289; x_wconf 78' lang='lat' dir='ltr'>‘secam-</span> 
     </span>
     <span class='ocr_line' id='line_1_26' title="bbox 277 2315 1380 2385; baseline -0.005 -15"><span class='ocrx_word' id='word_1_243' title='bbox 277 2320 811 2385; x_wconf 81' lang='lat' dir='ltr'>juxtaEutropium,pauloamplius,qrranr</span> <span class='ocrx_word' id='word_1_244' title='bbox 849 2315 882 2364; x_wconf 88' lang='lat' dir='ltr'>do</span> <span class='ocrx_word' id='word_1_245' title='bbox 895 2315 967 2376; x_wconf 85' lang='lat' dir='ltr'>mari,</span> <span class='ocrx_word' id='word_1_246' title='bbox 987 2330 1068 2379; x_wconf 87' lang='lat' dir='ltr'>usque</span> <span class='ocrx_word' id='word_1_247' title='bbox 1087 2315 1120 2363; x_wconf 83' lang='lat' dir='ltr'>ml</span> <span class='ocrx_word' id='word_1_248' title='bbox 1139 2329 1197 2364; x_wconf 79' lang='lat' dir='ltr'>aras</span> <span class='ocrx_word' id='word_1_249' title='bbox 1215 2316 1380 2365; x_wconf 84' lang='lat' dir='ltr'>Philuuoruru</span> 
     </span>
     <span class='ocr_line' id='line_1_27' title="bbox 282 2388 1382 2458; baseline -0.004 -13"><span class='ocrx_word' id='word_1_250' title='bbox 282 2388 333 2445; x_wconf 83' lang='lat' dir='ltr'>(luo</span> <span class='ocrx_word' id='word_1_251' title='bbox 346 2397 426 2444; x_wconf 88' lang='lat' dir='ltr'>millia</span> <span class='ocrx_word' id='word_1_252' title='bbox 436 2411 565 2458; x_wconf 82' lang='lat' dir='ltr'>passuum.</span> <span class='ocrx_word' id='word_1_253' title='bbox 584 2397 665 2458; x_wconf 80' lang='lat' dir='ltr'><em>Byrsa</em></span> <span class='ocrx_word' id='word_1_254' title='bbox 675 2404 761 2446; x_wconf 86' lang='lat' dir='ltr'>autem</span> <span class='ocrx_word' id='word_1_255' title='bbox 773 2403 813 2446; x_wconf 88' lang='lat' dir='ltr'>est</span> <span class='ocrx_word' id='word_1_256' title='bbox 849 2391 1021 2441; x_wconf 62' lang='lat' dir='ltr'>extenditur?</span> <span class='ocrx_word' id='word_1_257' title='bbox 1040 2407 1089 2441; x_wconf 87' lang='lat' dir='ltr'>nec</span> <span class='ocrx_word' id='word_1_258' title='bbox 1110 2406 1242 2453; x_wconf 71' lang='lat' dir='ltr'>possumus</span> <span class='ocrx_word' id='word_1_259' title='bbox 1254 2393 1382 2454; x_wconf 82' lang='lat' dir='ltr'>interpre-</span> 
     </span>
     <span class='ocr_line' id='line_1_28' title="bbox 283 2467 1381 2536; baseline -0.005 -14"><span class='ocrx_word' id='word_1_260' title='bbox 283 2477 406 2534; x_wconf 85' lang='lat' dir='ltr'>tanquam</span> <span class='ocrx_word' id='word_1_261' title='bbox 423 2476 518 2536; x_wconf 61' lang='lat' dir='ltr'>m]</span> <span class='ocrx_word' id='word_1_262' title='bbox 537 2472 620 2533; x_wconf 72' lang='lat' dir='ltr'>Boura,</span> <span class='ocrx_word' id='word_1_263' title='bbox 638 2471 670 2520; x_wconf 89' lang='lat' dir='ltr'>ad</span> <span class='ocrx_word' id='word_1_264' title='bbox 682 2473 812 2522; x_wconf 82' lang='lat' dir='ltr'>vitandam</span> <span class='ocrx_word' id='word_1_265' title='bbox 851 2467 1017 2528; x_wconf 63' lang='lat' dir='ltr'>torquemus</span> <span class='ocrx_word' id='word_1_266' title='bbox 1035 2469 1105 2528; x_wconf 82' lang='lat' dir='ltr'>mari,</span> <span class='ocrx_word' id='word_1_267' title='bbox 1123 2467 1150 2515; x_wconf 85' lang='lat' dir='ltr'>iu</span> <span class='ocrx_word' id='word_1_268' title='bbox 1171 2476 1221 2531; x_wconf 81' lang='lat' dir='ltr'>eat,</span> <span class='ocrx_word' id='word_1_269' title='bbox 1239 2484 1297 2517; x_wconf 81' lang='lat' dir='ltr'>oum</span> <span class='ocrx_word' id='word_1_270' title='bbox 1309 2467 1381 2517; x_wconf 82' lang='lat' dir='ltr'>fluxu</span> 
     </span>
    </p>
   </div>
   <div class='ocr_carea' id='block_1_3' title="bbox 282 2543 1381 2758">
    <p class='ocr_par' dir='ltr' id='par_1_4' title="bbox 282 2543 1381 2758">
     <span class='ocr_line' id='line_1_29' title="bbox 285 2543 1381 2619; baseline -0.004 -23"><span class='ocrx_word' id='word_1_271' title='bbox 285 2548 436 2619; x_wconf 70' lang='lat' dir='ltr'>amaponlav,</span> <span class='ocrx_word' id='word_1_272' title='bbox 457 2551 516 2611; x_wconf 70' lang='lat' dir='ltr'>quia</span> <span class='ocrx_word' id='word_1_273' title='bbox 535 2549 635 2597; x_wconf 72' lang='lat' dir='ltr'>Graecae</span> <span class='ocrx_word' id='word_1_274' title='bbox 656 2549 749 2613; x_wconf 59' lang='lat' dir='ltr'>lingum</span> <span class='ocrx_word' id='word_1_275' title='bbox 770 2565 812 2612; x_wconf 68' lang='lat' dir='ltr'>ge.</span> <span class='ocrx_word' id='word_1_276' title='bbox 850 2545 941 2593; x_wconf 85' lang='lat' dir='ltr'>maris:</span> <span class='ocrx_word' id='word_1_277' title='bbox 961 2553 988 2593; x_wconf 89' lang='lat' dir='ltr'>ut</span> <span class='ocrx_word' id='word_1_278' title='bbox 1005 2559 1062 2593; x_wconf 88' lang='lat' dir='ltr'>cum</span> <span class='ocrx_word' id='word_1_279' title='bbox 1075 2544 1192 2605; x_wconf 86' lang='lat' dir='ltr'>dicimus,</span> <span class='ocrx_word' id='word_1_280' title='bbox 1204 2544 1316 2593; x_wconf 85' lang='lat' dir='ltr'>seeundo</span> <span class='ocrx_word' id='word_1_281' title='bbox 1334 2543 1381 2593; x_wconf 84' lang='lat' dir='ltr'>tiu·</span> 
     </span>
     <span class='ocr_line' id='line_1_30' title="bbox 282 2621 1032 2685; baseline -0.001 -15"><span class='ocrx_word' id='word_1_282' title='bbox 282 2625 339 2670; x_wconf 81' lang='lat' dir='ltr'>uitis</span> <span class='ocrx_word' id='word_1_283' title='bbox 350 2640 399 2672; x_wconf 88' lang='lat' dir='ltr'>non</span> <span class='ocrx_word' id='word_1_284' title='bbox 413 2626 510 2685; x_wconf 80' lang='lat' dir='ltr'>patitur</span> <span class='ocrx_word' id='word_1_285' title='bbox 522 2632 551 2672; x_wconf 92' lang='lat' dir='ltr'>ut</span> <span class='ocrx_word' id='word_1_286' title='bbox 562 2625 578 2670; x_wconf 88' lang='lat' dir='ltr'>S</span> <span class='ocrx_word' id='word_1_287' title='bbox 589 2632 617 2671; x_wconf 85' lang='lat' dir='ltr'>et</span> <span class='ocrx_word' id='word_1_288' title='bbox 629 2626 651 2671; x_wconf 83' lang='lat' dir='ltr'>R</span> <span class='ocrx_word' id='word_1_289' title='bbox 663 2626 812 2673; x_wconf 89' lang='lat' dir='ltr'>coutinueu·</span> <span class='ocrx_word' id='word_1_290' title='bbox 850 2621 927 2670; x_wconf 73' lang='lat' dir='ltr'>mine,</span> <span class='ocrx_word' id='word_1_291' title='bbox 946 2622 1032 2671; x_wconf 81' lang='lat' dir='ltr'>Caratil.¹</span> 
     </span>
     <span class='ocr_line' id='line_1_31' title="bbox 283 2696 1380 2758; baseline -0.002 -12"><span class='ocrx_word' id='word_1_292' title='bbox 283 2704 334 2746; x_wconf 88' lang='lat' dir='ltr'>tur.</span> <span class='ocrx_word' id='word_1_293' title='bbox 370 2701 541 2746; x_wconf 81' lang='lat' dir='ltr'>Boaraautrm</span> <span class='ocrx_word' id='word_1_294' title='bbox 555 2699 811 2746; x_wconf 77' lang='lat' dir='ltr'>Hebraisertmrmi·</span> <span class='ocrx_word' id='word_1_295' title='bbox 881 2696 987 2745; x_wconf 81' lang='lat' dir='ltr'>Secundo</span> <span class='ocrx_word' id='word_1_296' title='bbox 998 2698 1058 2744; x_wconf 82' lang='lat' dir='ltr'>mari</span> <span class='ocrx_word' id='word_1_297' title='bbox 1075 2697 1151 2757; x_wconf 84' lang='lat' dir='ltr'>prima</span> <span class='ocrx_word' id='word_1_298' title='bbox 1169 2697 1261 2758; x_wconf 78' lang='lat' dir='ltr'>Cyrene</span> <span class='ocrx_word' id='word_1_299' title='bbox 1271 2700 1315 2757; x_wconf 82' lang='lat' dir='ltr'>tat,</span> <span class='ocrx_word' id='word_1_300' title='bbox 1336 2697 1380 2744; x_wconf 84' lang='lat' dir='ltr'>Co·</span> 
     </span>
    </p>
   </div>
   <div class='ocr_carea' id='block_1_4' title="bbox 283 2770 1464 2835">
    <p class='ocr_par' dir='ltr' id='par_1_5' title="bbox 283 2770 1464 2835">
     <span class='ocr_line' id='line_1_32' title="bbox 283 2770 1464 2835; baseline -0.002 -16"><span class='ocrx_word' id='word_1_301' title='bbox 283 2777 405 2833; x_wconf 80' lang='lat' dir='ltr'>mentum.</span> <span class='ocrx_word' id='word_1_302' title='bbox 439 2772 546 2832; x_wconf 81' lang='lat' dir='ltr'>Byrsam</span> <span class='ocrx_word' id='word_1_303' title='bbox 569 2770 733 2833; x_wconf 85' lang='lat' dir='ltr'>undiquaque</span> <span class='ocrx_word' id='word_1_304' title='bbox 758 2772 811 2820; x_wconf 89' lang='lat' dir='ltr'>cin·</span> <span class='ocrx_word' id='word_1_305' title='bbox 848 2772 1047 2835; x_wconf 81' lang='lat' dir='ltr'>louiaTheroeou]</span> <span class='ocrx_word' id='word_1_306' title='bbox 1081 2772 1380 2820; x_wconf 80' lang='lat' dir='ltr'>Hicvt’roCommouta·</span> <span class='ocrx_word' id='word_1_307' title='bbox 1459 2820 1464 2829; x_wconf 56' lang='lat'>,</span> 
     </span>
    </p>
   </div>
   <div class='ocr_carea' id='block_1_5' title="bbox 280 2845 1381 3588">
    <p class='ocr_par' dir='ltr' id='par_1_6' title="bbox 280 2845 1381 3588">
     <span class='ocr_line' id='line_1_33' title="bbox 283 2845 1380 2910; baseline -0.001 -14"><span class='ocrx_word' id='word_1_308' title='bbox 283 2847 364 2909; x_wconf 79' lang='lat' dir='ltr'>gebat</span> <span class='ocrx_word' id='word_1_309' title='bbox 376 2846 453 2894; x_wconf 86' lang='lat' dir='ltr'>tertia</span> <span class='ocrx_word' id='word_1_310' title='bbox 466 2860 525 2908; x_wconf 84' lang='lat' dir='ltr'>pars</span> <span class='ocrx_word' id='word_1_311' title='bbox 538 2845 710 2907; x_wconf 72' lang='lat' dir='ltr'>Carthaginis,</span> <span class='ocrx_word' id='word_1_312' title='bbox 721 2845 811 2909; x_wconf 84' lang='lat' dir='ltr'><em>Maga·</em></span> <span class='ocrx_word' id='word_1_313' title='bbox 849 2855 916 2895; x_wconf 79' lang='lat' dir='ltr'>toras</span> <span class='ocrx_word' id='word_1_314' title='bbox 929 2851 1008 2897; x_wconf 83' lang='lat' dir='ltr'>tiostri</span> <span class='ocrx_word' id='word_1_315' title='bbox 1024 2848 1127 2910; x_wconf 74' lang='lat' dir='ltr'>egregie</span> <span class='ocrx_word' id='word_1_316' title='bbox 1146 2848 1294 2896; x_wconf 80' lang='lat' dir='ltr'>coecutiunt.</span> <span class='ocrx_word' id='word_1_317' title='bbox 1312 2850 1380 2895; x_wconf 86' lang='lat' dir='ltr'>‘Co-</span> 
     </span>
     <span class='ocr_line' id='line_1_34' title="bbox 281 2920 1379 2988; baseline -0.004 -15"><span class='ocrx_word' id='word_1_318' title='bbox 281 2924 317 2988; x_wconf 76' lang='lat' dir='ltr'>lia</span> <span class='ocrx_word' id='word_1_319' title='bbox 332 2925 443 2984; x_wconf 81' lang='lat' dir='ltr'>nomine,</span> <span class='ocrx_word' id='word_1_320' title='bbox 463 2923 494 2970; x_wconf 91' lang='lat' dir='ltr'>de</span> <span class='ocrx_word' id='word_1_321' title='bbox 514 2923 605 2987; x_wconf 90' lang='lat' dir='ltr'>quibus</span> <span class='ocrx_word' id='word_1_322' title='bbox 625 2937 657 2970; x_wconf 83' lang='lat' dir='ltr'>ex</span> <span class='ocrx_word' id='word_1_323' title='bbox 670 2923 746 2971; x_wconf 88' lang='lat' dir='ltr'>Corn.</span> <span class='ocrx_word' id='word_1_324' title='bbox 760 2925 812 2972; x_wconf 87' lang='lat' dir='ltr'>No·</span> <span class='ocrx_word' id='word_1_325' title='bbox 848 2920 926 2988; x_wconf 78' lang='lat' dir='ltr'>tonia,</span> <span class='ocrx_word' id='word_1_326' title='bbox 937 2921 1039 2981; x_wconf 83' lang='lat' dir='ltr'>Tlrere‚’</span> <span class='ocrx_word' id='word_1_327' title='bbox 1052 2922 1136 2984; x_wconf 88' lang='lat' dir='ltr'>inquit</span> <span class='ocrx_word' id='word_1_328' title='bbox 1146 2921 1249 2981; x_wconf 74' lang='lat' dir='ltr'>Saldae,</span> <span class='ocrx_word' id='word_1_329' title='bbox 1261 2922 1379 2969; x_wconf 85' lang='lat' dir='ltr'>‘uomina</span> 
     </span>
     <span class='ocr_line' id='line_1_35' title="bbox 283 2996 1379 3065; baseline -0.004 -17"><span class='ocrx_word' id='word_1_330' title='bbox 283 3009 345 3065; x_wconf 89' lang='lat' dir='ltr'>pote</span> <span class='ocrx_word' id='word_1_331' title='bbox 368 3001 403 3048; x_wconf 87' lang='lat' dir='ltr'>ita</span> <span class='ocrx_word' id='word_1_332' title='bbox 424 2999 540 3048; x_wconf 83' lang='lat' dir='ltr'>Servius:</span> <span class='ocrx_word' id='word_1_333' title='bbox 559 2998 706 3060; x_wconf 84' lang='lat' dir='ltr'>‘Carthago</span> <span class='ocrx_word' id='word_1_334' title='bbox 726 3006 810 3046; x_wconf 83' lang='lat' dir='ltr'>autem</span> <span class='ocrx_word' id='word_1_335' title='bbox 848 2996 982 3045; x_wconf 86' lang='lat' dir='ltr'>civitatum</span> <span class='ocrx_word' id='word_1_336' title='bbox 1002 2997 1077 3044; x_wconf 66' lang='lat' dir='ltr'>suut!</span> <span class='ocrx_word' id='word_1_337' title='bbox 1109 2997 1205 3044; x_wconf 86' lang='lat' dir='ltr'>Badius</span> <span class='ocrx_word' id='word_1_338' title='bbox 1226 3013 1295 3055; x_wconf 81' lang='lat' dir='ltr'>voro,</span> <span class='ocrx_word' id='word_1_339' title='bbox 1313 2999 1379 3059; x_wconf 66' lang='lat' dir='ltr'>‘lly-</span> 
     </span>
     <span class='ocr_line' id='line_1_36' title="bbox 281 3072 1380 3139; baseline -0.006 -13"><span class='ocrx_word' id='word_1_340' title='bbox 281 3077 396 3139; x_wconf 83' lang='lat' dir='ltr'>speoiem</span> <span class='ocrx_word' id='word_1_341' title='bbox 409 3077 486 3125; x_wconf 85' lang='lat' dir='ltr'>hahet</span> <span class='ocrx_word' id='word_1_342' title='bbox 504 3075 613 3138; x_wconf 85' lang='lat' dir='ltr'>duplicis</span> <span class='ocrx_word' id='word_1_343' title='bbox 626 3075 724 3137; x_wconf 85' lang='lat' dir='ltr'>oppidi,</span> <span class='ocrx_word' id='word_1_344' title='bbox 740 3075 812 3137; x_wconf 80' lang='lat' dir='ltr'>quasi</span> <span class='ocrx_word' id='word_1_345' title='bbox 848 3085 919 3132; x_wconf 84' lang='lat' dir='ltr'>rene,</span> <span class='ocrx_word' id='word_1_346' title='bbox 932 3072 1172 3133; x_wconf 86' lang='lat' dir='ltr'>Colonia‚Thereon</span> <span class='ocrx_word' id='word_1_347' title='bbox 1181 3072 1274 3131; x_wconf 89' lang='lat' dir='ltr'>orbes‚&#39;</span> <span class='ocrx_word' id='word_1_348' title='bbox 1287 3073 1380 3135; x_wconf 83' lang='lat' dir='ltr'>iuquit,</span> 
     </span>
     <span class='ocr_line' id='line_1_37' title="bbox 281 3134 1379 3217; baseline -0.004 -16"><span class='ocrx_word' id='word_1_349' title='bbox 281 3153 350 3202; x_wconf 89' lang='lat' dir='ltr'>aliud</span> <span class='ocrx_word' id='word_1_350' title='bbox 377 3155 486 3202; x_wconf 88' lang='lat' dir='ltr'>alterum</span> <span class='ocrx_word' id='word_1_351' title='bbox 508 3153 718 3217; x_wconf 80' lang='lat' dir='ltr'>amplecteretur,</span> <span class='ocrx_word' id='word_1_352' title='bbox 738 3151 811 3214; x_wconf 85' lang='lat' dir='ltr'>eujus</span> <span class='ocrx_word' id='word_1_353' title='bbox 848 3146 1073 3211; x_wconf 60' lang='lat' dir='ltr'>‘illaesictlictaess</span> <span class='ocrx_word' id='word_1_354' title='bbox 1103 3147 1180 3195; x_wconf 85' lang='lat' dir='ltr'>Haud</span> <span class='ocrx_word' id='word_1_355' title='bbox 1193 3148 1270 3196; x_wconf 85' lang='lat' dir='ltr'>dubie</span> <span class='ocrx_word' id='word_1_356' title='bbox 1283 3134 1379 3197; x_wconf 79' lang='lat' dir='ltr'>Badius</span> 
     </span>
     <span class='ocr_line' id='line_1_38' title="bbox 281 3222 1381 3290; baseline -0.004 -13"><span class='ocrx_word' id='word_1_357' title='bbox 281 3227 390 3277; x_wconf 86' lang='lat' dir='ltr'>interior</span> <span class='ocrx_word' id='word_1_358' title='bbox 410 3244 469 3290; x_wconf 87' lang='lat' dir='ltr'>pars</span> <span class='ocrx_word' id='word_1_359' title='bbox 486 3229 569 3290; x_wconf 80' lang='lat' dir='ltr'>Byrsa</span> <span class='ocrx_word' id='word_1_360' title='bbox 587 3227 730 3289; x_wconf 75' lang='lat' dir='ltr'>dicebatur,</span> <span class='ocrx_word' id='word_1_361' title='bbox 740 3234 811 3275; x_wconf 85' lang='lat' dir='ltr'>exte·</span> <span class='ocrx_word' id='word_1_362' title='bbox 844 3222 949 3286; x_wconf 83' lang='lat' dir='ltr'>juveoia</span> <span class='ocrx_word' id='word_1_363' title='bbox 960 3223 1072 3286; x_wconf 75' lang='lat' dir='ltr'>arripuit.</span> <span class='ocrx_word' id='word_1_364' title='bbox 1098 3224 1164 3272; x_wconf 89' lang='lat' dir='ltr'>Nam</span> <span class='ocrx_word' id='word_1_365' title='bbox 1176 3223 1236 3270; x_wconf 88' lang='lat' dir='ltr'>dum</span> <span class='ocrx_word' id='word_1_366' title='bbox 1247 3240 1296 3286; x_wconf 80' lang='lat' dir='ltr'>ago</span> <span class='ocrx_word' id='word_1_367' title='bbox 1308 3225 1381 3273; x_wconf 86' lang='lat' dir='ltr'>illum</span> 
     </span>
     <span class='ocr_line' id='line_1_39' title="bbox 281 3299 1378 3363; baseline -0.004 -15"><span class='ocrx_word' id='word_1_368' title='bbox 281 3300 336 3362; x_wconf 77' lang='lat' dir='ltr'>rior</span> <span class='ocrx_word' id='word_1_369' title='bbox 354 3302 477 3362; x_wconf 80' lang='lat' dir='ltr'>hlagalia.</span> <span class='ocrx_word' id='word_1_370' title='bbox 511 3303 812 3363; x_wconf 84' lang='lat' dir='ltr'>Magaliaautemtlicta‚</span> <span class='ocrx_word' id='word_1_371' title='bbox 848 3301 918 3361; x_wconf 84' lang='lat' dir='ltr'>novi,</span> <span class='ocrx_word' id='word_1_372' title='bbox 941 3301 1085 3349; x_wconf 87' lang='lat' dir='ltr'>aliusernt.</span> <span class='ocrx_word' id='word_1_373' title='bbox 1117 3299 1222 3348; x_wconf 79' lang='lat' dir='ltr'>Soltlum</span> <span class='ocrx_word' id='word_1_374' title='bbox 1242 3299 1378 3359; x_wconf 72' lang='lat' dir='ltr'>nonnosi,</span> 
     </span>
     <span class='ocr_line' id='line_1_40' title="bbox 282 3374 1379 3439; baseline -0.001 -17"><span class='ocrx_word' id='word_1_375' title='bbox 282 3374 356 3437; x_wconf 84' lang='lat' dir='ltr'>quasi</span> <span class='ocrx_word' id='word_1_376' title='bbox 379 3375 501 3435; x_wconf 83' lang='lat' dir='ltr'>magaria,</span> <span class='ocrx_word' id='word_1_377' title='bbox 520 3377 587 3438; x_wconf 89' lang='lat' dir='ltr'>quod</span> <span class='ocrx_word' id='word_1_378' title='bbox 609 3392 696 3439; x_wconf 78' lang='lat' dir='ltr'>magar</span> <span class='ocrx_word' id='word_1_379' title='bbox 717 3379 811 3426; x_wconf 86' lang='lat' dir='ltr'>Punici</span> <span class='ocrx_word' id='word_1_380' title='bbox 848 3376 891 3439; x_wconf 89' lang='lat' dir='ltr'>qui</span> <span class='ocrx_word' id='word_1_381' title='bbox 908 3391 989 3430; x_wconf 71' lang='lat' dir='ltr'>meam</span> <span class='ocrx_word' id='word_1_382' title='bbox 1003 3375 1134 3438; x_wconf 80' lang='lat' dir='ltr'>prmcessit</span> <span class='ocrx_word' id='word_1_383' title='bbox 1148 3383 1261 3423; x_wconf 75' lang='lat' dir='ltr'>atatem.</span> <span class='ocrx_word' id='word_1_384' title='bbox 1295 3374 1379 3422; x_wconf 82' lang='lat' dir='ltr'>Hero·</span> 
     </span>
     <span class='ocr_line' id='line_1_41' title="bbox 280 3449 1377 3518; baseline 0.001 -22"><span class='ocrx_word' id='word_1_385' title='bbox 280 3462 371 3518; x_wconf 79' lang='lat' dir='ltr'>novam</span> <span class='ocrx_word' id='word_1_386' title='bbox 392 3449 605 3511; x_wconf 72' lang='lat' dir='ltr'>villamdieuut.¹</span> <span class='ocrx_word' id='word_1_387' title='bbox 640 3451 716 3499; x_wconf 84' lang='lat' dir='ltr'>Unde</span> <span class='ocrx_word' id='word_1_388' title='bbox 737 3461 764 3500; x_wconf 81' lang='lat' dir='ltr'>ot</span> <span class='ocrx_word' id='word_1_389' title='bbox 784 3455 810 3500; x_wconf 89' lang='lat' dir='ltr'>in</span> <span class='ocrx_word' id='word_1_390' title='bbox 848 3453 924 3500; x_wconf 87' lang='lat' dir='ltr'>dotus</span> <span class='ocrx_word' id='word_1_391' title='bbox 937 3453 1002 3500; x_wconf 86' lang='lat' dir='ltr'>libro</span> <span class='ocrx_word' id='word_1_392' title='bbox 1019 3459 1109 3514; x_wconf 87' lang='lat' dir='ltr'>quarto</span> <span class='ocrx_word' id='word_1_393' title='bbox 1130 3451 1243 3498; x_wconf 76' lang='lat' dir='ltr'>osteruht</span> <span class='ocrx_word' id='word_1_394' title='bbox 1263 3450 1377 3511; x_wconf 77' lang='lat' dir='ltr'>syrenum</span> 
     </span>
     <span class='ocr_line' id='line_1_42' title="bbox 282 3523 1378 3588; baseline 0.001 -16"><span class='ocrx_word' id='word_1_395' title='bbox 282 3523 370 3572; x_wconf 91' lang='lat' dir='ltr'>Plauti</span> <span class='ocrx_word' id='word_1_396' title='bbox 383 3524 489 3572; x_wconf 80' lang='lat' dir='ltr'>Poenulo</span> <span class='ocrx_word' id='word_1_397' title='bbox 502 3524 649 3588; x_wconf 83' lang='lat' dir='ltr'>legendum:</span> <span class='ocrx_word' id='word_1_398' title='bbox 669 3526 750 3574; x_wconf 84' lang='lat' dir='ltr'>‘Cum</span> <span class='ocrx_word' id='word_1_399' title='bbox 766 3541 810 3574; x_wconf 90' lang='lat' dir='ltr'>uu-</span> <span class='ocrx_word' id='word_1_400' title='bbox 827 3540 830 3545; x_wconf 90' lang='lat'><em>·</em></span> <span class='ocrx_word' id='word_1_401' title='bbox 848 3527 980 3575; x_wconf 83' lang='lat' dir='ltr'>Coloniam</span> <span class='ocrx_word' id='word_1_402' title='bbox 1000 3539 1055 3573; x_wconf 88' lang='lat' dir='ltr'>esse</span> <span class='ocrx_word' id='word_1_403' title='bbox 1068 3526 1203 3584; x_wconf 74' lang='lat' dir='ltr'>&#39;l&#39;hermom</span> <span class='ocrx_word' id='word_1_404' title='bbox 1223 3525 1247 3571; x_wconf 88' lang='lat' dir='ltr'>id</span> <span class='ocrx_word' id='word_1_405' title='bbox 1269 3533 1319 3584; x_wconf 80' lang='lat' dir='ltr'>est,</span> <span class='ocrx_word' id='word_1_406' title='bbox 1334 3540 1378 3586; x_wconf 89' lang='lat' dir='ltr'>po·</span> 
     </span>
    </p>
   </div>
   <div class='ocr_carea' id='block_1_6' title="bbox 188 3597 1376 3666">
    <p class='ocr_par' dir='ltr' id='par_1_7' title="bbox 188 3597 1376 3666">
     <span class='ocr_line' id='line_1_43' title="bbox 188 3597 1376 3666; baseline 0 -17"><span class='ocrx_word' id='word_1_407' title='bbox 188 3657 190 3661; x_wconf 35' lang='grc'>,</span> <span class='ocrx_word' id='word_1_408' title='bbox 274 3600 413 3666; x_wconf 53' lang='lat' dir='ltr'>„tricenna</span> <span class='ocrx_word' id='word_1_409' title='bbox 431 3597 558 3662; x_wconf 77' lang='lat' dir='ltr'>perierea</span> <span class='ocrx_word' id='word_1_410' title='bbox 577 3599 743 3660; x_wconf 65' lang='lat' dir='ltr'>hinparihus!</span> <span class='ocrx_word' id='word_1_411' title='bbox 776 3602 810 3652; x_wconf 90' lang='lat' dir='ltr'>Et</span> <span class='ocrx_word' id='word_1_412' title='bbox 847 3600 900 3663; x_wconf 88' lang='lat' dir='ltr'>puli</span> <span class='ocrx_word' id='word_1_413' title='bbox 921 3600 1013 3648; x_wconf 77' lang='lat' dir='ltr'>Therae</span> <span class='ocrx_word' id='word_1_414' title='bbox 1034 3600 1132 3647; x_wconf 78' lang='lat' dir='ltr'>insula.</span> <span class='ocrx_word' id='word_1_415' title='bbox 1178 3600 1291 3647; x_wconf 71' lang='lat' dir='ltr'>Thermon</span> <span class='ocrx_word' id='word_1_416' title='bbox 1314 3615 1376 3649; x_wconf 81' lang='lat' dir='ltr'>voro</span> 
     </span>
    </p>
   </div>
   <div class='ocr_carea' id='block_1_7' title="bbox 277 3671 1378 4280">
    <p class='ocr_par' dir='ltr' id='par_1_8' title="bbox 277 3671 1378 4114">
     <span class='ocr_line' id='line_1_44' title="bbox 280 3671 1376 3740; baseline 0.001 -18"><span class='ocrx_word' id='word_1_417' title='bbox 280 3672 319 3722; x_wconf 86' lang='lat' dir='ltr'>ita</span> <span class='ocrx_word' id='word_1_418' title='bbox 330 3671 465 3736; x_wconf 82' lang='lat' dir='ltr'>Appianas</span> <span class='ocrx_word' id='word_1_419' title='bbox 476 3688 575 3739; x_wconf 88' lang='lat' dir='ltr'>qaoque</span> <span class='ocrx_word' id='word_1_420' title='bbox 587 3675 711 3738; x_wconf 88' lang='lat' dir='ltr'>appellat.</span> <span class='ocrx_word' id='word_1_421' title='bbox 733 3679 809 3739; x_wconf 62' lang='lat' dir='ltr'>W)</span> <span class='ocrx_word' id='word_1_422' title='bbox 846 3676 973 3740; x_wconf 79' lang='lat' dir='ltr'>genitivus</span> <span class='ocrx_word' id='word_1_423' title='bbox 985 3675 1101 3735; x_wconf 71' lang='lat' dir='ltr'>Gnaeus,</span> <span class='ocrx_word' id='word_1_424' title='bbox 1118 3681 1147 3721; x_wconf 89' lang='lat' dir='ltr'>ut</span> <span class='ocrx_word' id='word_1_425' title='bbox 1160 3675 1234 3735; x_wconf 87' lang='lat' dir='ltr'>paulo</span> <span class='ocrx_word' id='word_1_426' title='bbox 1248 3683 1305 3736; x_wconf 66' lang='lat' dir='ltr'>pom</span> <span class='ocrx_word' id='word_1_427' title='bbox 1317 3677 1376 3723; x_wconf 77' lang='lat' dir='ltr'>Plri-</span> 
     </span>
     <span class='ocr_line' id='line_1_45' title="bbox 281 3749 1378 3813; baseline 0.002 -17"><span class='ocrx_word' id='word_1_428' title='bbox 281 3750 335 3798; x_wconf 81' lang='lat' dir='ltr'>aivo</span> <span class='ocrx_word' id='word_1_429' title='bbox 363 3749 453 3808; x_wconf 76' lang='lat' dir='ltr'>Magar</span> <span class='ocrx_word' id='word_1_430' title='bbox 480 3750 663 3798; x_wconf 83' lang='lat' dir='ltr'>habitationem</span> <span class='ocrx_word' id='word_1_431' title='bbox 694 3750 810 3802; x_wconf 81' lang='lat' dir='ltr'>denotat.</span> <span class='ocrx_word' id='word_1_432' title='bbox 848 3755 932 3812; x_wconf 77' lang='lat' dir='ltr'>lanua,</span> <span class='ocrx_word' id='word_1_433' title='bbox 950 3758 1052 3813; x_wconf 82' lang='lat' dir='ltr'>poterat</span> <span class='ocrx_word' id='word_1_434' title='bbox 1070 3749 1260 3797; x_wconf 79' lang='lat' dir='ltr'>alieuusvideri</span> <span class='ocrx_word' id='word_1_435' title='bbox 1284 3750 1378 3810; x_wconf 78' lang='lat' dir='ltr'>abhis·</span> 
     </span>
     <span class='ocr_line' id='line_1_46' title="bbox 282 3823 1376 3888; baseline 0.001 -14"><span class='ocrx_word' id='word_1_436' title='bbox 282 3824 349 3874; x_wconf 79' lang='lat' dir='ltr'>Haec</span> <span class='ocrx_word' id='word_1_437' title='bbox 366 3823 398 3871; x_wconf 89' lang='lat' dir='ltr'>de</span> <span class='ocrx_word' id='word_1_438' title='bbox 411 3823 570 3885; x_wconf 75' lang='lat' dir='ltr'>Carthaginis</span> <span class='ocrx_word' id='word_1_439' title='bbox 582 3824 711 3887; x_wconf 76' lang='lat' dir='ltr'>partiluu3</span> <span class='ocrx_word' id='word_1_440' title='bbox 730 3827 809 3873; x_wconf 89' lang='lat' dir='ltr'>ambi·</span> <span class='ocrx_word' id='word_1_441' title='bbox 848 3830 928 3874; x_wconf 81' lang='lat' dir='ltr'>tou&#39;co</span> <span class='ocrx_word' id='word_1_442' title='bbox 959 3825 1059 3885; x_wconf 85' lang='lat' dir='ltr'>Latino,</span> <span class='ocrx_word' id='word_1_443' title='bbox 1082 3824 1125 3888; x_wconf 90' lang='lat' dir='ltr'>qui</span> <span class='ocrx_word' id='word_1_444' title='bbox 1153 3825 1319 3875; x_wconf 75' lang='lat' dir='ltr'>&#39;limianorum</span> <span class='ocrx_word' id='word_1_445' title='bbox 1348 3835 1376 3876; x_wconf 88' lang='lat' dir='ltr'>et</span> 
     </span>
     <span class='ocr_line' id='line_1_47' title="bbox 281 3895 1374 3966; baseline 0.004 -18"><span class='ocrx_word' id='word_1_446' title='bbox 281 3895 322 3950; x_wconf 87' lang='lat' dir='ltr'>tut</span> <span class='ocrx_word' id='word_1_447' title='bbox 334 3900 401 3948; x_wconf 71' lang='lat' dir='ltr'>irlem</span> <span class='ocrx_word' id='word_1_448' title='bbox 414 3898 472 3956; x_wconf 84' lang='lat' dir='ltr'>luit,</span> <span class='ocrx_word' id='word_1_449' title='bbox 493 3900 535 3961; x_wconf 88' lang='lat' dir='ltr'>qui</span> <span class='ocrx_word' id='word_1_450' title='bbox 557 3901 703 3963; x_wconf 82' lang='lat' dir='ltr'>Babylonis,</span> <span class='ocrx_word' id='word_1_451' title='bbox 724 3901 809 3963; x_wconf 81' lang='lat' dir='ltr'>idest,</span> <span class='ocrx_word' id='word_1_452' title='bbox 847 3906 1019 3954; x_wconf 79' lang='lat' dir='ltr'>Philanorum</span> <span class='ocrx_word' id='word_1_453' title='bbox 1032 3904 1111 3966; x_wconf 71' lang='lat' dir='ltr'>magis</span> <span class='ocrx_word' id='word_1_454' title='bbox 1129 3913 1242 3953; x_wconf 87' lang='lat' dir='ltr'>amaret:</span> <span class='ocrx_word' id='word_1_455' title='bbox 1260 3914 1374 3956; x_wconf 85' lang='lat' dir='ltr'>ceterum</span> 
     </span>
     <span class='ocr_line' id='line_1_48' title="bbox 277 3976 1375 4044; baseline 0.001 -18"><span class='ocrx_word' id='word_1_456' title='bbox 277 3977 419 4026; x_wconf 83' lang='lat' dir='ltr'>stadiorum</span> <span class='ocrx_word' id='word_1_457' title='bbox 429 3988 523 4024; x_wconf 80' lang='lat' dir='ltr'>occtx.</span> <span class='ocrx_word' id='word_1_458' title='bbox 535 3976 641 4023; x_wconf 85' lang='lat' dir='ltr'>latitudo</span> <span class='ocrx_word' id='word_1_459' title='bbox 651 3978 733 4024; x_wconf 84' lang='lat' dir='ltr'>solum</span> <span class='ocrx_word' id='word_1_460' title='bbox 744 3991 808 4026; x_wconf 87' lang='lat' dir='ltr'>xxv.</span> <span class='ocrx_word' id='word_1_461' title='bbox 844 3997 866 4029; x_wconf 79' lang='lat' dir='ltr'>o</span> <span class='ocrx_word' id='word_1_462' title='bbox 886 3979 1045 4042; x_wconf 78' lang='lat' dir='ltr'>diphthongo</span> <span class='ocrx_word' id='word_1_463' title='bbox 1070 3982 1211 4041; x_wconf 78' lang='lat' dir='ltr'>penultima</span> <span class='ocrx_word' id='word_1_464' title='bbox 1230 3981 1375 4044; x_wconf 83' lang='lat' dir='ltr'>scribenda,</span> 
     </span>
     <span class='ocr_line' id='line_1_49' title="bbox 279 4050 1291 4114; baseline 0.002 -13"><span class='ocrx_word' id='word_1_465' title='bbox 279 4053 369 4102; x_wconf 86' lang='lat' dir='ltr'>laltem</span> <span class='ocrx_word' id='word_1_466' title='bbox 383 4052 407 4100; x_wconf 90' lang='lat' dir='ltr'>in</span> <span class='ocrx_word' id='word_1_467' title='bbox 420 4053 524 4100; x_wconf 81' lang='lat' dir='ltr'>aristrali</span> <span class='ocrx_word' id='word_1_468' title='bbox 538 4059 621 4114; x_wconf 82' lang='lat' dir='ltr'>parto,</span> <span class='ocrx_word' id='word_1_469' title='bbox 637 4050 736 4101; x_wconf 80' lang='lat' dir='ltr'>(luobus</span> <span class='ocrx_word' id='word_1_470' title='bbox 748 4053 808 4102; x_wconf 87' lang='lat' dir='ltr'>hinc</span> <span class='ocrx_word' id='word_1_471' title='bbox 845 4062 911 4104; x_wconf 91' lang='lat' dir='ltr'>utut</span> <span class='ocrx_word' id='word_1_472' title='bbox 922 4055 1132 4106; x_wconf 74' lang='lat' dir='ltr'>aliactcitlerint.</span> <span class='ocrx_word' id='word_1_473' title='bbox 1152 4058 1291 4106; x_wconf 79' lang='lat' dir='ltr'>Glareanus.</span> 
     </span>
    </p>

    <p class='ocr_par' dir='ltr' id='par_1_9' title="bbox 278 4127 1377 4280">
     <span class='ocr_line' id='line_1_50' title="bbox 280 4127 1374 4194; baseline 0.005 -19"><span class='ocrx_word' id='word_1_474' title='bbox 280 4127 340 4194; x_wconf 70' lang='lat' dir='ltr'>iutle</span> <span class='ocrx_word' id='word_1_475' title='bbox 353 4128 453 4192; x_wconf 85' lang='lat' dir='ltr'>Euripis</span> <span class='ocrx_word' id='word_1_476' title='bbox 466 4127 559 4176; x_wconf 85' lang='lat' dir='ltr'>eumin</span> <span class='ocrx_word' id='word_1_477' title='bbox 580 4135 677 4176; x_wconf 86' lang='lat' dir='ltr'>arctum</span> <span class='ocrx_word' id='word_1_478' title='bbox 697 4131 807 4190; x_wconf 82' lang='lat' dir='ltr'>compti·</span> <span class='ocrx_word' id='word_1_479' title='bbox 875 4132 968 4180; x_wconf 76' lang='lat' dir='ltr'>Deinde</span> <span class='ocrx_word' id='word_1_480' title='bbox 988 4147 1036 4180; x_wconf 73' lang='lat' dir='ltr'>arce</span> <span class='ocrx_word' id='word_1_481' title='bbox 1058 4132 1183 4193; x_wconf 71' lang='lat' dir='ltr'>l‘httama]</span> <span class='ocrx_word' id='word_1_482' title='bbox 1216 4133 1317 4193; x_wconf 74' lang='lat' dir='ltr'>Deinde,</span> <span class='ocrx_word' id='word_1_483' title='bbox 1336 4132 1374 4180; x_wconf 90' lang='lat' dir='ltr'>iu-</span> 
     </span>
     <span class='ocr_line' id='line_1_51' title="bbox 278 4204 1377 4280; baseline 0.005 -28"><span class='ocrx_word' id='word_1_484' title='bbox 278 4205 414 4280; x_wconf 77' lang='lat' dir='ltr'>mentihus.</span> <span class='ocrx_word' id='word_1_485' title='bbox 433 4204 807 4270; x_wconf 72' lang='lat' dir='ltr'>lllurorntualtitudinomqua</span> <span class='ocrx_word' id='word_1_486' title='bbox 845 4207 910 4273; x_wconf 88' lang='lat' dir='ltr'>quit,</span> <span class='ocrx_word' id='word_1_487' title='bbox 929 4208 1002 4272; x_wconf 86' lang='lat' dir='ltr'>quasi</span> <span class='ocrx_word' id='word_1_488' title='bbox 1022 4217 1082 4272; x_wconf 83' lang='lat' dir='ltr'>post</span> <span class='ocrx_word' id='word_1_489' title='bbox 1101 4208 1200 4272; x_wconf 80' lang='lat' dir='ltr'>Syrteis</span> <span class='ocrx_word' id='word_1_490' title='bbox 1221 4221 1251 4256; x_wconf 89' lang='lat' dir='ltr'><em>ac</em></span> <span class='ocrx_word' id='word_1_491' title='bbox 1270 4208 1377 4272; x_wconf 82' lang='lat' dir='ltr'>Leptim</span> 
     </span>
    </p>
   </div>
   <div class='ocr_carea' id='block_1_8' title="bbox 0 0 1504 5040">
    <p class='ocr_par' dir='ltr' id='par_1_10' title="bbox 0 0 1504 5040">
     <span class='ocr_line' id='line_1_52' title="bbox 0 0 1504 5040; baseline 0 1"><span class='ocrx_word' id='word_1_492' title='bbox 0 0 1504 5040; x_wconf 95' lang='lat' dir='ltr'> </span> 
     </span>
    </p>
   </div>
  </div>
 </body>
</html>
