3000 5040
468 376 619 429 senuna
642 372 829 428 suouarrr.
873 380 956 429 car.
978 365 1033 428 41.
1232 361 1299 429 688

200 521 345 575 sumtibus
356 521 389 571 de
400 520 506 571 ciuitate
525 517 642 582 Del,qai
660 523 689 567 et
706 517 733 566 ln
769 516 987 581 irrumpentesque
1004 515 1090 579 tulere]
1124 515 1235 580 Rejeata
1246 517 1300 567 rui-

203 611 262 648 earn
282 612 336 647 reru
356 596 567 646 lucrrleatissiruas
585 593 734 644 Sallustiani
770 599 831 657 gata
848 594 969 655 lectione,
985 595 1049 643 banc
1071 594 1229 656 scripturam
1248 608 1301 644 aar·

202 671 331 736 naufragii
354 671 453 721 tabulas
475 669 648 730 conservarit,
671 683 734 733 quas
770 669 881 732 plector,
892 675 922 718 ut
934 669 1067 730 sinceram,
1084 674 1112 718 et
1129 682 1188 719 cum
1200 667 1230 716 iia
1241 683 1300 733 quae

200 747 280 798 babes
291 747 366 810 iufra,
381 747 464 812 primo
481 745 646 796 historiarum
659 744 733 795 libro.
769 749 922 806 sequnntur,
939 749 1132 805 congruentem,
1147 748 1177 793 et
1192 756 1300 793 consen·

196 822 338 873 Patsebiss.
420 868 430 887 ,
672 868 674 873 ,
771 825 882 868 tauram.
898 819 996 883 Popma.

128 886 134 897 ’
235 899 415 948 maurosus
425 898 451 947 u
467 898 533 947 ms·
546 896 733 947 “umectum-
804 895 888 944 osus
901 893 1299 958 maritimum

198 974 396 1036 remetiretur]
439 974 493 1024 Alii
514 965 662 1023 continebat:
687 972 733 1022 sed
769 968 987 1032 acerbiusqaesar't]
1003 968 1299 1034 ltasineullodiasensu

198 1048 291 1099 eodem
310 1065 404 1109 sensu;
430 1064 585 1115 quamquam
604 1049 733 1114 posterius
770 1044 1184 1110 Pu1.urmirerqumt²opmae
1200 1047 1301 1096 venerit

196 1124 260 1185 milri
271 1125 377 1189 quidem
397 1125 478 1189 magis
497 1125 610 1175 arridet:
627 1139 686 1174 nam
704 1131 733 1176 et
768 1122 1020 1172 tumentemirrtrae
1040 1119 1109 1170 frede
1123 1120 1300 1183 interpolanti,

198 1199 292 1249 Florus
308 1201 399 1250 eadem
415 1201 449 1250 de
466 1216 493 1250 re
504 1202 621 1266 loquens,
632 1215 663 1252 eo
673 1201 731 1266 ipso
767 1199 848 1249 etiam
868 1206 960 1265 contra
979 1211 1132 1248 consensum
1157 1196 1300 1247 editionum

200 1275 280 1325 rerba
301 1282 343 1326 est
364 1277 381 1325 l.
404 1290 441 1326 rr.
464 1291 534 1326 usus.
573 1277 641 1326 Sunt
661 1277 731 1341 apud
767 1275 938 1324 exoletarum.
956 1273 1082 1322 Graterm

199 1350 326 1416 rettejum
350 1334 518 1403 Pateicnlnm
541 1368 598 1417 quse
621 1354 671 1408 bae
693 1352 731 1403 fa·
801 1351 1010 1414 Numquecoepere
1025 1349 1136 1399 nobilitas
1146 1349 1299 1412 dignitatem,

196 1425 279 1489 ciant,
287 1441 318 1476 ea
326 1427 452 1491 subjicere
461 1428 552 1476 rirnrn.
567 1428 732 1491 ‘Potentiam'
765 1427 863 1489 populas
874 1426 1007 1476 ubertatem
1023 1427 1049 1475 is
1059 1426 1188 1474 lubidinem
1198 1423 1300 1486 nerim]

196 1501 293 1566 inquit,
318 1503 515 1553 ‘Romanorum
543 1502 614 1566 prior
644 1503 732 1568 Scipio
768 1502 811 1552 Sic
822 1510 863 1554 est
881 1504 907 1553 in
924 1502 1114 1566 manuscriptis,
1125 1517 1183 1566 quas
1194 1501 1252 1565 ipse
1263 1502 1299 1550 vi·

199 1578 267 1627 riam
294 1587 441 1643 aperuerat,
468 1580 576 1630 luxuriae
604 1581 733 1644 posterior
768 1577 859 1640 demur,
869 1586 959 1629 contra
971 1593 1047 1643 quam
1058 1577 1199 1641 Gymnicus
1211 1575 1298 1626 babet.

200 1654 312 1716 aperuit
344 1656 449 1718 Quippe
462 1663 560 1704 remoto
568 1655 732 1718 Carthaginis
769 1653 1144 1715 Utralectiorerior,aliorum
1161 1659 1217 1702 esto
1229 1650 1299 1716 judi·

199 1735 282 1790 areta,
293 1729 443 1792 sublataque
454 1731 557 1793 imperii
568 1731 670 1791 emula,
681 1745 733 1778 non
770 1728 846 1778 oium.
869 1727 960 1776 Rivius.

201 1805 294 1869 gradu,
305 1807 351 1855 sed
365 1807 496 1869 praecipiti
507 1821 595 1868 eamn,
604 1822 620 1855 a
635 1806 733 1856 virtute
804 1805 899 1866 Carpere
910 1802 1020 1851 nobilitas
1029 1802 1187 1863 digitillum,
1200 1803 1298 1865 popalus

201 1880 338 1943 descitum,
348 1883 381 1932 ud
393 1883 456 1931 vitia
467 1889 732 1943 transcursum,vetas
770 1877 915 1939 libertatem]
949 1877 1021 1926 Libri
1037 1876 1128 1939 scripti
1140 1875 1297 1939 praeferunt:

200 1956 337 2020 disciplina
357 1957 469 2016 deserta,
488 1969 556 2006 nora
570 1956 690 2018 inducta;
706 1958 732 2006 in
768 1967 858 2016 crepere
879 1952 989 2002 nobilitor
1009 1951 1151 2013 dignitatem
1171 1953 1199 2000 in
1217 1967 1299 2016 uper.

200 2047 316 2081 somnum
330 2032 459 2095 arigiliis,
469 2031 501 2081 ab
512 2032 587 2081 armis
598 2031 630 2081 ad
643 2033 731 2096 rolnp·
768 2027 839 2087 biam
853 2030 951 2092 popalus
959 2026 1105 2076 libertatem:
1122 2027 1165 2076 alii
1178 2026 1298 2086 codieeet

198 2116 276 2171 tates,
298 2123 314 2158 a
333 2107 445 2172 negotiis
464 2108 490 2157 in
508 2108 588 2157 otium
607 2120 732 2158 conversa
766 2105 878 2156 nobilitas
896 2105 1040 2169 digndatem
1060 2106 1087 2154 ia
1106 2105 1298 2155 dominationem.

198 2174 309 2235 civitas?
351 2184 488 2234 Sallustius
508 2185 534 2233 in
556 2198 576 2234 r.
597 2184 727 2234 historie:
766 2181 866 2231 Multus
885 2188 926 2232 est
945 2181 1081 2230 Sallustius
1101 2179 1127 2227 iu
1146 2193 1300 2229 commemo·

195 2258 249 2309 ‘At
261 2259 400 2323 discordia,
417 2266 446 2308 et
464 2260 571 2309 stantia
588 2269 729 2324 atqueam·
765 2258 847 2307 tanda
868 2256 989 2320 superbia
1009 2254 1161 2303 nobilitatis.
1205 2253 1298 2304 Paullu

197 2333 381 2398 birio,'iaqnit,
396 2335 441 2384 ‘et
458 2343 545 2385 cetera
560 2334 730 2384 secundiare·
768 2343 841 2396 post:
870 2335 1010 2384 ‘nobilitas
1035 2331 1150 2382 factione
1167 2329 1301 2395 pollebat,’

198 2407 247 2458 bus
258 2410 320 2458 orlri
328 2416 403 2459 sueta
414 2411 488 2472 mala,
498 2409 730 2473 postCartlrapinis
766 2409 913 2471 legendum,
927 2409 1034 2458 inducto
1049 2407 1134 2470 magis,
1144 2406 1213 2471 quod
1225 2405 1301 2455 abest

198 2483 328 2532 excidium
344 2484 545 2534 masimeaucts
560 2490 629 2532 snat.
663 2485 731 2533 Nam
769 2483 909 2545 ascriptis.
926 2483 1024 2532 Patrclr.

199 2557 302 2622 iujuriae
313 2559 474 2621 validiorum,
490 2566 518 2609 et
536 2558 570 2607 ob
581 2572 625 2608 ess
636 2559 732 2608 disces·
802 2560 909 2621 Namque
925 2573 1013 2622 capere
1027 2558 1137 2607 nobilitas
1147 2558 1298 2622 dignitatern,

198 2632 239 2681 sio
256 2634 340 2696 plebis
350 2649 365 2683 a
376 2635 502 2697 patribus,
514 2635 624 2700 aliaeque
634 2636 731 2685 diesen·
765 2637 865 2698 popalus
880 2635 1011 2684 Muteno
1024 2635 1050 2682 ia
1061 2633 1187 2682 lubidinem
1196 2635 1298 2698 urbere]

197 2708 282 2758 aiones
291 2709 360 2758 dorni
371 2707 447 2760 fuere
459 2711 515 2774 jam
527 2711 587 2763 inde
604 2727 620 2762 a
636 2713 729 2776 prinei·
764 2712 808 2762 Sic
817 2713 882 2762 Mas.
892 2718 971 2761 aetate
980 2710 1170 2774 provectiores:
1181 2717 1298 2773 etrecte,

198 2783 258 2847 piu:
287 2798 371 2850 neque
393 2787 501 2850 amplius
524 2803 600 2853 quam
623 2787 727 2852 regibus
764 2801 823 2838 nam
833 2787 940 2837 libidine
949 2786 1092 2837 laboratum
1102 2785 1298 2851 sequeinplebe

197 2862 306 2926 exactis,
323 2861 384 2911 dum
404 2870 487 2912 taetus
508 2879 523 2913 s
542 2863 683 2928 Tarquinio
699 2871 728 2914 et
761 2866 840 2929 juxta
855 2880 886 2916 ac
900 2864 1043 2914 nobilitate.
1078 2862 1151 2912 Libri
1169 2863 1246 2925 plane
1257 2877 1297 2912 re·

197 2933 291 2988 bellum
313 2952 391 3002 grate
413 2953 471 2989 eum
491 2940 597 2990 Etruria
616 2940 727 3003 positam
765 2940 928 3000 centes,dno
944 2939 1012 2988 Pali.
1029 2944 1097 3001 sept.
1113 2937 1296 3000 ardeuigno·

197 3019 249 3072 ast,
259 3027 334 3077 equo
350 3023 378 3064 et
390 3015 570 3079 modestojure
583 3015 727 3078 agitatum?
765 3017 865 3065 ratione
887 3016 957 3066 nocis
984 3015 1120 3072 labidiatrn,
1144 3014 1298 3063 invexerunt

200 3083 265 3136 Hac
285 3102 317 3135 ex
341 3087 494 3152 Augustino,
512 3103 544 3137 rt.
564 3088 598 3138 de
615 3089 728 3138 Ciuitate
767 3089 1003 3153 amplius,nobilitas
1020 3087 1164 3149 dignitatem
1181 3086 1207 3135 in
1224 3088 1298 3136 domi·

201 3159 263 3210 Dei.
281 3162 376 3212 Rivius.
766 3166 893 3228 nationem,
909 3167 1018 3230 popalus,
1028 3166 1070 3226 ise.
1082 3164 1125 3212 vel
1136 3162 1224 3223 etiam,
1235 3163 1297 3212 nobi

232 3233 487 3294 &dabiitlusormido
496 3236 612 3286 mentibus
621 3239 731 3302 deuenit]
767 3243 824 3291 litus
842 3243 982 3304 dignitatem
1001 3242 1027 3291 in
1041 3241 1185 3304 superbiam:
1200 3241 1295 3291 stulte:

248 3311 389 3375 uuscripta,
399 3312 516 3362 discessit.
532 3314 731 3367 Turideutram
769 3317 883 3368 tollenda
900 3318 1162 3384 euimutraqner013
1178 3314 1296 3369 fortassis

199 3401 213 3446 r
229 3391 298 3438 etius
314 3387 476 3438 ‘Discedere
492 3404 565 3454 rpem
585 3391 679 3453 alieui,'
691 3401 731 3444 est
768 3409 870 3460 quoque
881 3402 1016 3459 praeterea,
1028 3408 1123 3458 copore.
1141 3393 1248 3443 Gruter.

198 3465 268 3527 apud
290 3465 434 3515 Cressreur:
453 3473 483 3516 ut
504 3473 533 3516 et
548 3465 728 3519 ‘formidinem
799 3470 830 3521 ln
844 3473 993 3523 multitudine
1002 3469 1121 3535 ἄφατα]
1153 3470 1249 3518 Contra
1259 3468 1296 3516 in·

198 3540 348 3602 discedere,’
360 3556 410 3590 non
421 3541 533 3592 absurde
544 3540 630 3592 forsan
641 3543 729 3594 dicere
765 3545 819 3597 fra:
836 3547 884 3596 ‘ln
905 3547 1022 3611 patribus
1040 3559 1138 3595 sumina
1154 3543 1295 3594 auctoritas

198 3620 289 3683 possis.
307 3620 382 3671 Idem.
765 3618 1216 3684 erat,rismultumasnmainplebel
1227 3619 1294 3666 Cice.

231 3693 278 3743 Sed
288 3694 328 3744 abi
340 3695 448 3755 formido
466 3698 508 3746 illo
519 3697 635 3747 mentibus
645 3699 728 3748 disca·
798 3695 1013 3746 lnmsltitads'uem
1024 3694 1214 3758 miniopoterut]
1244 3693 1295 3742 rte·

198 3766 243 3830 sit]
276 3769 390 3820 Produxi
401 3787 460 3822 cum
479 3773 603 3823 carrione
620 3775 730 3837 seriptu-
766 3770 828 3820 duni
841 3772 981 3835 posituram
997 3770 1134 3820 verboram
1149 3766 1296 3820 audistine·

200 3857 255 3893 nur
276 3845 341 3894 Mra.
362 3848 489 3912 codicum,
510 3849 656 3914 improbato
675 3851 729 3914 iilo,
767 3847 939 3911 nouemque
959 3847 984 3895 in
1004 3846 1069 3897 Mas.
1088 3847 1217 3908 editisque
1229 3848 1295 3895 vett.

198 3920 431 3974 incrusurum.
766 3924 858 3987 quibus
869 3930 954 3973 tamen
966 3923 1159 3981 inmultitadine,
1169 3926 1199 3967 ut
1209 3916 1296 3969 forsan

231 3995 331 4060 Amant]
364 3997 525 4050 Grecismus.
559 3993 602 4052 lta
619 4003 686 4052 enirn
701 4008 729 4052 et
767 3998 832 4049 bina
843 3999 893 4048 ilisa
911 3999 1038 4050 dictiones
1057 4000 1108 4047 sint
1129 3996 1161 4045 ab
1172 3993 1296 4054 librariis,

199 4075 277 4132 φιλεῖν
293 4072 393 4124 dicunt.
425 4074 492 4124 Vide
511 4092 589 4141 supra
608 4080 727 4130 Ciaccon.
766 4083 837 4126 certe
848 4077 1006 4139 praepositio,
1016 4090 1074 4140 quas
1086 4070 1180 4136 alioqui
1191 4084 1243 4120 non
1254 4078 1296 4126 sat
1340 4108 1347 4122 .

199 4147 225 4197 ln
237 4150 286 4198 liare
298 4163 320 4200 c.
332 4152 373 4198 st.
385 4148 417 4198 B.
428 4149 491 4213 lug.
765 4150 793 4200 in
803 4150 861 4198 Pal.
873 4163 950 4198 nonu.
969 4152 1069 4200 Gruter.

234 4224 316 4274 θῆαι
334 4230 458 4289 postquam
475 4227 556 4292 adepti
568 4227 648 4292 fuere,
664 4243 729 4280 neem
798 4224 864 4275 Btllf
881 4223 1002 4287 down]
1041 4222 1086 4281 8ἰο
1107 4221 1176 4276 dlxii
1195 4229 1226 4278 ul
1239 4222 1294 4280 W
