3000 5040
194 331 260 397 uro
476 337 481 354 ·
506 364 510 372 ·
538 341 646 391 norm
669 341 868 390 vsumnuu
893 341 933 390 ru

193 487 291 537 sinum!
309 483 371 548 lugu
382 483 526 544 mulierum,
536 489 565 531 et
575 494 725 545 puerorum,
762 496 847 531 sorum
859 496 995 531 aureorum
1007 481 1095 546 pondo
1111 486 1215 531 eentum
1236 479 1292 551 null·

195 561 306 611 ssststio
328 559 473 608 domoroml
496 558 566 606 Ante
586 563 688 620 portum
709 572 725 605 a
761 557 805 620 lit,
826 572 893 606 anno
912 557 990 606 Urbis
1010 559 1122 607 conditae
1142 558 1293 622 quingente·

194 643 222 688 te
233 633 376 695 victorium,
388 633 473 681 omnis
483 646 562 695 servs,
579 637 658 696 stque
667 645 727 681 cro·
762 633 825 683 simo
835 634 995 696 sexagesimo
1005 634 1104 698 qulnto.
1124 634 1220 683 Eadem
1229 633 1292 685 Asis

194 710 365 762 delicerent?
399 710 434 759 Et
448 710 539 759 Florus
555 723 598 759 ιιι.
610 713 650 758 21.
675 709 725 758 Lu·
762 708 869 770 domita,
886 709 967 759 multo
988 710 1065 758 etism
1086 709 1295 773 groviusofflixit

194 803 273 839 ossus
286 789 303 838 l.
312 800 342 837 ιι.
351 786 411 837 bell.
419 785 510 836 ctut‘
520 786 591 838 Quid
601 785 724 848 sanguine
762 799 855 848 mores,
865 785 1031 850 inutiliorque
1043 788 1151 835 victoria
1163 788 1208 836 illa
1219 789 1293 837 here·

193 879 282 915 menen
299 865 421 914 Pleustos
438 864 524 913 Catuli
542 863 666 912 reserum?
683 861 724 910 cui
762 860 829 909 ditus
836 860 926 910 Arrslo
939 875 999 924 rege
1011 862 1131 911 mortuo!
1147 864 1182 911 Et
1192 864 1291 914 lustin.

193 941 304 991 victims
323 939 411 989 tristes
428 939 540 991 Inferius
553 936 723 999 Marioqior·
761 937 778 984 1.
800 949 897 985 xxm.
916 937 977 986 ‘Sic
996 937 1058 986 Asia
1075 936 1146 987 fecto
1164 940 1293 989 Romano·

194 1017 399 1070 esrunolentibus
411 1016 516 1066 Umbris
529 1015 639 1075 Pendet,
651 1015 722 1063 inex·
760 1027 825 1074 rum,
840 1019 903 1061 'enm
922 1012 1013 1076 opillus
1031 1014 1083 1062 suis
1102 1015 1165 1063 uitio
1189 1030 1291 1080 quoque

194 1095 266 1158 pleto
279 1109 330 1143 non
349 1091 428 1142 fando
447 1093 550 1156 pisculs
567 1090 659 1153 bnsto,’
674 1092 722 1139 &e
761 1089 869 1138 Romam
885 1089 1043 1139 transmisit!
1077 1092 1117 1139 Ex
1136 1091 1228 1155 quibus
1244 1103 1293 1156 np-

193 1170 229 1220 Et
240 1171 400 1236 aliquantulo
413 1180 470 1232 post
486 1169 638 1217 Senatorum
650 1165 723 1214 nobi·
760 1173 836 1230 peret
848 1167 985 1216 convenire
1004 1167 1031 1215 in
1051 1167 1101 1216 hoe
1112 1181 1208 1224 ornnes,
1222 1167 1292 1232 quod

192 1245 254 1296 lium
265 1246 411 1309 civiumque
421 1243 504 1293 eaedes
514 1241 658 1292 concludit:
668 1243 675 1270 ‘
687 1243 723 1290 Ut
761 1243 871 1306 primum
884 1243 992 1292 Romani
1007 1243 1133 1292 luxuriem
1146 1243 1179 1293 nb
1197 1243 1293 1293 Asiati·

194 1322 279 1372 scetus
301 1322 349 1371 boo
368 1320 446 1370 Solle
467 1319 604 1382 cedesque
622 1325 724 1368 ostense
760 1320 796 1368 cis
808 1319 956 1380 didicerint,
973 1320 999 1367 in
1010 1319 1059 1369 boc
1071 1334 1120 1369 non
1139 1321 1210 1381 iloni,
1221 1319 1292 1369 Sulls

193 1401 320 1463 placeret,
340 1395 525 1460 Agnoscendus
544 1403 610 1444 erat.
649 1395 724 1445 Vidit
760 1395 904 1444 exercitum
914 1396 1047 1445 ductante.
1083 1396 1161 1444 Celer.

194 1472 298 1523 fortitus
334 1473 438 1521 colonos
470 1471 634 1520 Praenestino
665 1484 723 1519 suos
794 1471 846 1525 Quo
856 1470 902 1519 sibl
912 1470 992 1536 fidum
1007 1476 1169 1535 serenumque
1181 1471 1288 1535 saberet]

193 1555 301 1599 cunctos
327 1547 402 1597 simul
425 1561 486 1596 ense
509 1546 613 1608 recisos,
640 1545 723 1595 Unius
759 1545 989 1609 Tbueceplsm,non
1006 1551 1046 1594 est
1062 1547 1088 1594 in
1107 1546 1291 1610 manuscriptis

194 1625 318 1688 populum
328 1631 480 1688 pereuntem
496 1631 613 1686 tempore
625 1622 723 1672 mortis.
760 1639 844 1688 neque
853 1623 983 1687 impressis
994 1622 1081 1687 psullo
1093 1623 1289 1672 vetustioribus.

192 1697 267 1749 'l'uuc
285 1697 332 1749 dos
354 1699 500 1763 Hesperie,
517 1699 585 1748 tnui
598 1699 653 1763 jorn
670 1699 723 1748 sols
760 1698 811 1748 Sed
827 1713 876 1748 nee
893 1713 982 1747 sensus
995 1698 1050 1762 ipse
1068 1698 1193 1759 postulat,
1213 1707 1291 1764 utque

187 1774 311 1839 juventus
321 1776 452 1839 Concidit,
463 1782 490 1824 et
502 1775 601 1824 miserae
614 1775 723 1824 maculo·
760 1774 826 1823 sdeo
838 1774 933 1839 potins,
942 1775 965 1822 si
976 1773 1039 1838 qnid
1050 1779 1090 1822 est
1101 1773 1127 1822 in
1138 1789 1179 1823 me
1185 1773 1290 1839 judieii,

193 1851 433 1902 vitouilisRomae.'
758 1865 864 1914 prorsus
887 1850 986 1913 respuit
1007 1864 1038 1898 oc
1060 1850 1189 1914 repudiet.
1223 1842 1291 1900 Num

226 1927 368 1976 Exercitum
394 1943 461 1989 quem
480 1928 506 1975 iu
530 1928 590 1976 Asis
615 1929 723 1977 dudass-
759 1926 903 1976 exercitum
923 1927 1002 1987 Snlls,
1019 1926 1088 1990 quod
1106 1927 1234 1976 luxuriose
1255 1927 1292 1976 ni·

192 2001 244 2064 rut]
268 2003 392 2052 luntrium
407 2001 485 2051 habet
505 2002 570 2050 liber
593 2017 674 2064 meus,
694 2010 723 2052 ut
760 2001 859 2067 mirque
870 2002 1014 2052 liberaliter
1022 2001 1141 2064 heberet,
1150 2001 1229 2050 fidum
1240 2003 1291 2052 sibi

193 2078 277 2129 infre:
305 2078 377 2128 ‘Sed
400 2079 421 2127 is
439 2078 499 2127 Piso
516 2079 541 2127 in
565 2079 724 2141 prouincism
760 2076 1291 2143 secit,sequeipsemilitumanimiscarum
1346 2100 1357 2145 ':

193 2153 375 2207 tterssciens!
409 2154 475 2203 Vide
497 2154 529 2202 ud
550 2155 619 2203 lirino
639 2155 724 2203 locum
760 2160 959 2218 acceptumque,
990 2167 1040 2200 oon
1068 2151 1211 2201 exereitum
1242 2153 1293 2203 sibl

195 2232 296 2282 Livium
319 2232 336 2280 l.
358 2243 457 2280 xxxix.
479 2232 486 2257 ‘
507 2230 628 2279 Lnrsurire
652 2245 725 2293 pere·
760 2228 884 2279 reddidit.
918 2229 982 2280 Quis
994 2228 1061 2276 culm
1074 2233 1113 2276 est
1122 2227 1159 2276 its
1171 2242 1291 2292 nmquam

193 2311 274 2372 grluse
286 2307 356 2370 origo
367 2307 399 2355 ab
410 2306 528 2356 exercitu
549 2305 666 2355 Asiatico
686 2306 723 2354 in·
759 2307 870 2367 loeutus,
882 2305 931 2355 nisi
942 2304 1048 2354 abusum
1060 2304 1107 2354 hac
1125 2319 1187 2354 voce
1198 2304 1293 2354 Sallus·

193 2391 272 2435 uects
282 2385 308 2433 in
320 2383 410 2433 urbem
422 2391 479 2433 cst:
490 2384 508 2432 ii
519 2382 630 2447 primum
641 2384 724 2432 lectos
761 2383 825 2432 tium
837 2382 925 2432 dicere
944 2381 1019 2444 susis,
1038 2395 1086 2445 pro
1105 2395 1137 2431 eo
1158 2381 1226 2447 quod
1243 2389 1293 2447 est,

194 2468 296 2524 ceratos,
306 2468 404 2512 vestem
421 2462 561 2525 stragulum
574 2460 724 2524 pretiosam,
759 2457 906 2510 obnoxium?
923 2458 1021 2508 Rivius.

194 2539 318 2602 plsgules,
330 2548 357 2589 et
376 2539 426 2589 slis
438 2539 550 2600 textilia,
561 2545 589 2587 et
601 2553 657 2602 quae
670 2546 724 2588 tum
793 2534 948 2598 Liberaliter]
987 2532 1126 2584 Licenter:
1155 2533 1216 2599 quis
1238 2548 1292 2584 om·

192 2614 336 2678 magnifice
348 2616 535 2679 suppellectilis
555 2614 725 2678 habebantur,
760 2615 803 2664 nis
814 2627 973 2680 quecunque
984 2613 1111 2676 libuisset,
1127 2613 1292 2662 committere

193 2691 355 2753 monopodia,
366 2691 497 2739 ctubscos
511 2691 617 2739 ltomesn
629 2691 724 2740 advex-
761 2693 910 2755 potiebstur
932 2691 1012 2751 Sulls,
1032 2691 1087 2738 sire
1105 2691 1220 2752 bonesti,
1237 2690 1293 2740 sive

194 2771 279 2813 erunt.
311 2767 381 2812 Tunc
400 2765 513 2826 psaltriae
526 2764 724 2812 sambucistriae·
763 2767 976 2831 turpisfuissent.
1005 2767 1066 2815 lull.

194 2845 284 2904 quent
300 2838 444 2887 convivetis
463 2838 591 2887 ludionnm
611 2840 725 2888 oblecto·
798 2844 860 2892 l'ssn
879 2841 974 2904 colato]
1010 2842 1108 2890 Celata
1130 2842 1236 2905 proprie
1253 2840 1292 2890 di.

194 2913 381 2964 mentssddita
397 2913 488 2978 epulis.
521 2914 611 2976 Epulae
624 2928 724 2977 quoque
762 2927 857 2968 cuntur
877 2933 938 2966 voss
957 2932 1035 2967 suren
1051 2918 1093 2965 vel
1113 2924 1246 2980 urgentes,
1265 2919 1292 2967 in

194 2991 257 3056 ipsm
269 2997 297 3041 et
308 2997 498 3041 curoetsumtu
511 2989 607 3052 majore
616 3004 724 3053 apparu·
762 2993 854 3058 qulbus
878 2993 952 3056 signs
974 2993 1015 3042 vel
1041 2992 1125 3056 sigilla
1150 2992 1219 3041 intus
1246 3000 1292 3043 sut

193 3067 323 3132 ricmptae.
338 3067 724 3132 Tnmcoquns,uilissimumsn·
762 3069 976 3120 extruimiuentiu
997 3083 1120 3134 expresse
1142 3077 1212 3131 sunt,
1233 3082 1293 3136 quos

194 3143 273 3208 tiquis
285 3145 452 3208 mancipium,
470 3153 498 3195 et
514 3144 685 3193 estimatione
696 3152 724 3194 et
761 3147 816 3196 sols
836 3147 901 3196 caelo
919 3145 977 3196 fieri
999 3161 1050 3195 non
1078 3155 1152 3195 torno
1174 3152 1292 3207 possunt.

194 3233 252 3283 risu,
262 3220 288 3268 in
297 3220 384 3283 precio
402 3236 468 3284 esse,
478 3229 505 3269 et
522 3219 590 3284 quod
609 3221 723 3270 ministe-
761 3222 935 3274 Quintilisuus
954 3222 1111 3287 sculpturam
1134 3237 1150 3269 a
1169 3220 1293 3270 caelatnrs

194 3297 259 3346 rium
271 3298 366 3360 lueret,
377 3314 417 3348 ers
434 3299 524 3348 haberi
543 3305 639 3362 coeptu.
673 3299 724 3346 Vix
760 3298 868 3348 mstcria
883 3305 984 3347 tontum
996 3296 1130 3359 distinguit
1147 3309 1189 3345 ιιι.
1201 3300 1241 3345 21.
1253 3295 1293 3345 bis

196 3381 283 3423 tumen
301 3375 354 3437 ills,
374 3390 431 3439 quae
452 3383 506 3424 tum
528 3374 724 3438 conspiciebsu·
760 3375 863 3425 uerbis:
881 3377 937 3424 ‘Et
954 3375 1084 3434 coelatura,
1102 3387 1159 3436 quae
1172 3385 1292 3431 sirro,sr-

195 3455 246 3511 tur,
264 3451 361 3499 semine
387 3457 462 3499 erunt
482 3449 575 3499 snturoe
597 3452 725 3516 luxuriae,'
761 3462 849 3515 gente,
869 3466 932 3511 mre,
948 3449 1107 3511 ferroopers
1119 3445 1215 3501 efficit:
1234 3460 1293 3494 num

187 3528 246 3574 bec.
262 3526 370 3575 Ciseeos.
760 3529 893 3591 sculpture
908 3526 1015 3590 lignum,
1033 3525 1106 3583 ebur,
1118 3537 1237 3586 marmor,
1256 3523 1292 3573 vl·

228 3600 258 3647 ln
270 3602 339 3664 Asin]
378 3601 440 3669 Asin
456 3603 574 3652 omuibus
590 3603 724 3654 libidinum
762 3613 839 3668 trum,
851 3619 976 3669 gemmas,
988 3610 1084 3666 preter
1095 3616 1135 3664 es,
1147 3617 1205 3665 quae
1216 3617 1293 3667 suprs

194 3675 323 3726 illecebris
344 3679 444 3741 repletis
465 3689 516 3728 est:
546 3688 575 3729 nt
597 3682 634 3731 sit
651 3682 724 3731 litus
761 3678 1115 3743 dixi,etismcornplectitur!
1132 3680 1293 3744 Seueroulp·

195 3751 283 3805 Liuius
295 3752 424 3801 lxxxix.
457 3754 572 3818 Indeque
585 3756 724 3804 Rumonem
763 3765 804 3807 tor
826 3755 959 3805 marmoris
976 3754 1081 3815 dieitur,
1103 3769 1153 3804 non
1176 3755 1293 3819 caelator,

195 3829 322 3880 luxurium
333 3841 416 3879 ortum
427 3830 505 3880 fuisse
526 3840 636 3882 testetur
647 3834 724 3883 etism
762 3840 791 3882 ut
811 3839 903 3881 contro
924 3831 1050 3880 crelsturn
1070 3831 1124 3879 suri
1140 3839 1167 3881 et
1183 3831 1294 3896 urgenti,

195 3905 294 3956 Plinius
316 3919 420 3955 ιιιιιιι.
443 3912 482 3955 11.
505 3907 609 3970 ‘deiru’
635 3910 725 3973 inquit,
762 3907 965 3968 nonsculptnrs.
1000 3905 1292 3971 Etscnlpturaquidem

196 3983 324 4047 ‘primum
341 3983 452 4042 devicta,
467 3984 593 4032 luxurium
612 3986 680 4034 misit
698 3987 724 4035 in
762 3998 835 4048 teque
857 3997 887 4030 uc
913 3983 1035 4031 coelatura
1056 3983 1151 4047 ligurus
1171 3987 1292 4031 extantes

195 4059 308 4109 ltslism.
318 4059 450 4124 Siquidem
458 4060 488 4107 C.
497 4059 584 4122 Scipio
594 4061 726 4110 transtulit
762 4058 836 4119 facit,
854 4058 898 4106 sed
916 4059 941 4107 in
959 4059 1036 4121 ligno,
1058 4073 1195 4119 marmore,
1212 4055 1293 4108 ebore

196 4133 223 4182 iu
246 4134 374 4198 triumpho
402 4133 501 4197 urgenti
533 4127 619 4197 pondo
646 4135 726 4185 millia
762 4141 791 4182 et
802 4134 908 4196 gemmis
924 4144 1056 4197 operatur,
1067 4136 1191 4183 celatura
1207 4132 1232 4182 in
1249 4149 1293 4184 su·

196 4208 383 4290 qqqdrjugents
393 4215 422 4260 et
439 4210 633 4281 quinqusginto,
643 4217 671 4260 et
682 4225 725 4261 ss·
763 4216 1030 4276 rqsrgentoetesre.
1063 4209 1186 4274 Virgilius
1206 4217 1293 4262 temen
