3000 5040
233 373 301 447 w
422 378 428 385 ’
560 383 757 439 recursus
784 381 1002 437 anruroaou

238 536 320 605 1660
333 531 554 600 Amstelodami.
571 543 621 598 24.

239 635 316 703 1661
331 636 366 697 C.
380 633 536 695 Sallustius
551 633 684 710 Crispus,
699 650 768 693 cum
783 640 910 692 veterum
925 628 1129 690 historicorum
1147 624 1337 706 Fragmentis.

275 729 449 797 &censitus
469 748 488 789 a
512 730 641 806 liutgero
664 726 874 789 Hermannide.
906 725 1129 795 Amstelodami,
1154 726 1235 802 apud
1258 723 1340 801 AEgi·

277 825 360 887 dium
374 823 560 885 lanssonium
574 823 823 885 Veterensem.

241 919 319 985 1662
334 921 409 983 Lud.
424 918 583 979 Liebhardi
597 917 813 980 commentatio
827 917 855 977 iu
869 919 906 978 C.
916 917 1012 995 Crispi
1026 916 1152 978 Sallustii
1166 912 1342 995 primordia.

279 1017 413 1083 Burutbi.
427 1027 458 1078 1.
671 1017 676 1029 ’

243 1111 321 1177 1665
337 1115 373 1173 C.
386 1112 485 1190 Crispi
498 1110 628 1171 Sallustii
643 1110 752 1188 Opera,
767 1114 902 1183 (curante
914 1109 943 1168 1.
959 1108 992 1167 F.
1007 1107 1170 1179 Gronovio)
1188 1126 1253 1165 cum
1267 1104 1344 1164 vari·

283 1229 369 1270 orum
383 1208 635 1267 observationibus
656 1207 694 1263 ab
709 1209 778 1264 Ant.
792 1205 905 1280 Thysio
919 1202 1061 1262 collectis.
1083 1203 1218 1280 Lugduni
1233 1204 1298 1262 Bat.
1312 1211 1345 1260 et

281 1303 422 1366 Boterod.
438 1321 485 1377 ap.
501 1302 603 1357 Franc.
624 1298 717 1356 Hach.
736 1299 905 1366 8.-Quam
919 1297 1046 1375 Thyrius
1061 1296 1223 1355 instituerat
1237 1316 1343 1355 curam

280 1399 311 1461 iu
323 1397 372 1458 ed.
387 1415 455 1457 cunr
468 1414 500 1456 n.
515 1414 591 1454 varr.
605 1412 669 1454 eam
689 1392 855 1453 Gronovius
877 1392 1067 1464 continuavit,
1088 1412 1182 1471 coque
1196 1393 1344 1470 majorem

280 1490 369 1553 fidem
384 1490 646 1568 auctoritatemque
662 1490 703 1548 illi
719 1490 894 1550 conciliavit.

245 1586 325 1651 1666
338 1586 561 1649 Amstelodami.
578 1594 625 1648 12.
641 1605 659 1644 e
673 1605 732 1645 rec.
746 1584 869 1662 liutgeri
883 1584 1100 1645 Hermannidae.
1174 1662 1176 1666 Α

247 1682 325 1753 1667
340 1686 375 1744 C.
389 1681 546 1743 Sallustius
561 1681 692 1758 Crispus,
707 1700 774 1740 cum
790 1690 920 1740 veterum
935 1681 1151 1742 Historicorum
1165 1680 1345 1760 fragmentis.

280 1779 381 1839 Editio
395 1777 561 1836 novissima.
585 1763 811 1848 amstelodami,
828 1777 906 1856 apud
921 1778 1057 1837 Jaosson.
1074 1787 1123 1840 12.

247 1873 324 1946 1669
339 1873 563 1945 Amstelodami,
578 1893 627 1950 ap.
642 1875 778 1933 Jansson.
793 1882 843 1934 21.
856 1893 892 1932 ex
907 1893 1007 1934 museo
1022 1875 1060 1934 la.
1075 1876 1208 1935 Pontani.

247 1969 321 2040 1671
339 1970 510 2048 christoph.
534 1970 592 2029 Ad.
620 1970 744 2047 Ruperti
770 1970 997 2030 Observationes
1025 1970 1136 2040 civiles,
1164 1971 1286 2031 morales
1315 1981 1347 2031 et

284 2065 680 2147 grammaticophilologicas
695 2065 733 2125 ad
749 2068 785 2127 C.
800 2067 851 2126 Cr.
864 2066 991 2126 Sallustii
1005 2066 1119 2126 Bellum
1133 2067 1346 2138 Catilinarium,

284 2163 505 2242 Jugurthinum,
528 2163 699 2238 Fragmenta
719 2171 750 2221 et
768 2161 924 2222 Orationes
943 2162 981 2221 de
1001 2162 1151 2239 republica
1170 2162 1346 2222 ordinanda.

284 2259 395 2321 Norib.
409 2277 457 2334 ap.
471 2257 540 2317 Joh.
556 2258 632 2316 Dan.
647 2256 827 2318 Tauherum.
844 2267 873 2319 8.

250 2353 327 2425 1673
342 2353 484 2414 Salmurii.
504 2362 551 2413 12.
572 2355 715 2423 (curante,
736 2353 816 2430 quod
838 2353 977 2425 creditur,
991 2353 1068 2414 Tan.
1083 2354 1200 2428 Fahro.)
1219 2349 1347 2431 Thysia-

285 2468 352 2510 nam
368 2449 474 2508 reddit.

250 2543 327 2614 1674
340 2547 376 2605 C.
390 2544 517 2609 Sallustii
531 2544 629 2622 Crispi
651 2565 718 2621 quas
738 2553 847 2605 extant.
891 2547 925 2604 ln
941 2565 1024 2604 usum
1040 2544 1178 2621 Delphini
1191 2543 1348 2613 recensuit,

286 2651 317 2703 st
339 2640 453 2701 notulas
474 2639 589 2699 addidit
610 2641 713 2701 Daniel
738 2640 899 2719 Crispinus.
922 2641 1047 2709 Parisiis,
1063 2640 1142 2717 apud
1158 2639 1348 2699 Fredericum

287 2737 432 2797 Leonard.
447 2747 477 2797 4.
1240 2812 1244 2820 ,

251 2830 327 2902 1675
342 2831 563 2907 amstelodami,
585 2853 622 2894 ex
635 2832 712 2892 offic.
726 2834 863 2894 Janssou.
885 2831 1054 2910 Waesherg.
1071 2840 1118 2892 12.
1133 2851 1169 2890 er
1183 2853 1241 2892 rec.
1257 2833 1349 2911 Rutg.

289 2926 391 2987 Herm.

247 3056 289 3068 —
301 3023 437 3084 Drcsdae.
455 3034 501 3084 12.
514 3045 549 3083 ex
564 3024 611 3082 ed.
628 3024 790 3084 Hartnacii.

251 3119 329 3188 1676
342 3122 376 3179 C.
392 3121 489 3198 Crispi
511 3121 629 3181 Sallusti
654 3122 751 3200 Opera
776 3143 843 3200 quoe
866 3131 976 3184 extant.
1017 3127 1063 3184 Er
1085 3143 1161 3182 nova
1180 3121 1353 3181 recensione

287 3217 357 3276 Joh.
372 3218 446 3276 Phil.
468 3218 550 3276 Parei
572 3219 680 3277 edebat
701 3240 767 3280 cum
789 3221 1088 3279 animadversionibus
1107 3230 1137 3279 et
1154 3218 1228 3278 notis
1243 3219 1351 3277 Daniel

289 3313 409 3376 Parcus.
426 3315 610 3374 Francosurti
623 3315 659 3373 ad
676 3317 767 3374 Moeu.
782 3316 920 3393 impensis
934 3316 1042 3375 Christ.
1056 3313 1264 3372 Hermsdorffii.
1286 3315 1352 3391 Ty-

290 3410 337 3487 pis
347 3412 395 3470 1ο.
410 3411 520 3489 Georg.
536 3411 728 3472 Drullmauni.
746 3422 790 3472 12.

252 3503 329 3573 1677
344 3508 659 3584 Thysio-Gronoriuna
674 3524 714 3568 11.
740 3506 774 3567 C.
789 3506 887 3584 Crispi
901 3507 1030 3566 Sallustii
1044 3509 1143 3584 Opera
1156 3505 1264 3576 omnia,
1279 3506 1352 3566 eum

290 3606 504 3662 commentariis
532 3606 652 3683 integris
679 3607 726 3665 Jo.
750 3604 838 3675 Ririi,
863 3604 933 3665 Aldi
957 3605 1094 3676 Manutii,
1125 3606 1159 3664 P.
1188 3605 1351 3675 Ciacconii,

290 3694 324 3753 F.
338 3694 435 3753 Ursini
459 3707 488 3754 et
510 3699 547 3756 11.
571 3703 711 3770 Putschii,
736 3712 766 3762 et
791 3703 905 3762 selectis
928 3702 1063 3761 aliorum.
1104 3701 1260 3760 Accedunt
1282 3700 1351 3759 Jani

291 3789 407 3850 Melleri
423 3790 553 3850 Palmarii
564 3796 721 3871 spicilegia.
743 3797 880 3871 Lugduni
894 3799 959 3855 Bat.
970 3816 1007 3855 ex
1017 3795 1093 3855 offic.
1102 3797 1197 3856 Haclr.
1210 3795 1353 3858 8.-Edi-

290 3884 334 3944 tio
348 3886 460 3945 auctior
473 3885 560 3963 priori
573 3907 619 3945 an.
639 3886 725 3947 1665.
938 3907 940 3912 ·

252 4011 294 4029 -·
306 3981 423 4059 Upsire.
441 3991 537 4045 12611
551 3982 600 4041 ed.
618 3984 639 4040 l.
656 3983 775 4043 Voratii.

256 4071 331 4144 1678
348 4079 384 4136 C.
398 4079 494 4158 Crispi
508 4080 636 4141 Sallustii
650 4082 758 4158 Opera,
773 4102 840 4144 oum
862 4082 1006 4146 iudicibus
1020 4095 1049 4146 et
1065 4082 1149 4146 variis
1161 4080 1349 4143 lectionibus.

294 4170 410 4244 Oxonii,
425 4196 442 4234 e
455 4178 568 4237 theatro
582 4177 789 4244 Sireldoniuuo.
807 4191 856 4242 12.

347 4498 551 4728 fr
