3000 5040
469 445 620 494 nnuuuu
643 442 831 495 ruounnu.
878 447 958 494 one.
980 432 1036 496 20.
1236 433 1301 498 519

200 605 319 642 occasum
331 607 418 642 versus
429 593 478 641 siut
488 591 653 640 Philonomm
663 605 728 639 arse:
768 591 909 640 Pausanias
930 604 960 638 rr.
978 590 1058 638 Elian.
1071 588 1139 652 rpud
1159 589 1236 637 Seres
1255 605 1300 652 po·

202 669 272 733 quod
293 669 361 716 nullo
379 677 456 730 pacto
475 681 562 715 verunt
584 672 632 714 est.
667 664 730 727 Ipse
768 669 841 728 pulos
862 682 905 714 eos
926 666 1031 714 statuit:
1061 665 1106 714 sed
1129 666 1186 714 haec
1210 674 1300 716 nostra

201 761 263 794 saue
283 745 313 792 ah
332 752 389 793 ortu
409 745 510 806 incipit,
528 757 559 790 nc
580 748 640 804 post
653 741 731 788 Cata·
767 742 899 804 AEthiopia
910 743 935 789 in
948 740 1036 789 Africa
1046 749 1094 790 est.
1114 742 1190 790 Osset.

201 821 323 868 hathumn
341 833 459 867 oceasum
478 832 575 865 uersus.
609 816 729 879 Cyrenen
800 817 893 865 Deinde
914 820 963 865 loeo
981 822 1065 864 exusto
1086 817 1142 864 solis
1163 814 1298 879 ardoribus]

200 897 325 944 nominat:
344 896 435 943 deinde
446 895 543 958 Syrtim
557 908 684 954 maguam,
697 892 728 941 ad
767 895 956 957 Manuscripta‚
965 894 1037 949 deiru
1053 899 1131 957 atque
1143 894 1180 942 ita
1193 895 1297 944 rectius.

200 975 273 1038 cujus
294 974 410 1022 intimum
431 975 522 1032 siurim,
542 973 563 1019 si
584 972 729 1020 Ptolemaeo
768 969 863 1018 Rivius.

199 1048 516 1108 eredimus,1'hilenornm
528 1053 587 1094 srrnt
599 1061 659 1107 arse,
679 1061 729 1095 non
799 1047 866 1094 Dein
877 1047 926 1094 locu
937 1046 1083 1094 coustumiis
1093 1045 1227 1107 ardoribus]
1239 1047 1299 1096 Per·

198 1133 257 1188 post
268 1125 332 1173 <luas
344 1124 444 1188 Syrteis
456 1137 486 1171 ae
499 1121 609 1185 leptim.
626 1122 699 1172 Idem.
765 1122 825 1170 iude
843 1122 967 1185 loquitur,
985 1129 1064 1186 atquae
1082 1120 1216 1182 AEthiopas
1232 1121 1299 1168 eitra
1338 1142 1343 1153 ·

230 1202 269 1250 Aa
298 1200 471 1249 arausicanam
500 1199 610 1248 Numidae
636 1197 728 1261 remor]
765 1199 897 1248 Torridam
926 1199 1023 1246 Zouem
1051 1212 1107 1247 esse
1142 1195 1298 1246 crediderit:

199 1278 280 1327 l'ides
307 1278 472 1339 Tingitanam
500 1277 580 1326 solam
607 1275 728 1325 Sallustio
766 1293 823 1326 curn
843 1279 1011 1336 Ptolemaeus,
1030 1278 1126 1341 aliique
1148 1274 1298 1339 Geographi

199 1353 382 1402 Mauritaniam
410 1353 515 1415 dictam,
544 1353 729 1402 Caesariensem
765 1353 833 1402 iutra
844 1354 969 1416 Tropicos
982 1353 1030 1401 sub
1044 1358 1185 1415 scortatore,
1197 1365 1227 1399 ao
1242 1366 1299 1400 nos·

198 1444 259 1478 vero
280 1431 327 1478 suh
349 1430 480 1493 iugurtha
501 1427 589 1490 fuisse,
605 1428 730 1491 Syphacis
766 1438 807 1478 tra
818 1430 920 1478 demum
933 1438 995 1478 atas
1007 1428 1042 1476 ibi
1055 1442 1110 1476 csse
1122 1433 1194 1476 certo
1207 1422 1298 1490 depress

196 1505 326 1568 ¹qarorrdaru
340 1520 460 1568 regnum:
474 1505 571 1569 quippe
581 1503 729 1553 Mulucham
765 1505 893 1554 henderit.
911 1506 1052 1555 Glareanus.

198 1579 293 1629 flumen
311 1582 366 1644 ejus
385 1579 448 1630 fucit
462 1579 546 1642 lineis,
564 1594 640 1642 quem
658 1579 729 1626 Stra·
802 1580 879 1642 traque
890 1579 1016 1642 adfirmem
1027 1577 1175 1639 llluluohum]
1209 1576 1297 1626 Fabri·

200 1653 261 1702 boni
272 1669 301 1704 ac
314 1656 458 1703 Ptolemaeo
469 1654 619 1703 Molochath
631 1653 730 1702 dictum
767 1656 877 1720 clauum,
903 1657 934 1703 od
947 1657 1038 1719 flamen
1060 1672 1130 1720 usqae
1150 1655 1295 1704 Molucham.

199 1730 328 1780 existimo.
360 1730 442 1778 Addit
461 1728 556 1778 Strabo
578 1728 731 1777 Molochath
768 1731 867 1778 Rivius.

200 1806 366 1855 Mauritaniae
384 1821 414 1855 ac
436 1805 632 1867 Masaesylorum
651 1802 730 1851 iusisse
800 1806 949 1868 Mulucham]
987 1806 1035 1853 Est
1056 1820 1147 1854 nornen
1167 1805 1246 1865 urbis,
1268 1810 1296 1856 et

199 1881 347 1943 terminum,
375 1895 432 1929 curu
460 1879 617 1927 Ptolemaeus
642 1879 731 1927 Malva
767 1879 847 1930 fluvii.
881 1881 972 1929 Florus
983 1894 1026 1929 ιιι.
1040 1886 1063 1929 1.
1080 1881 1126 1929 ‘et
1143 1895 1220 1930 saxeo
1231 1881 1296 1931 indi·

198 1954 447 2021 (forsunlegeudum
466 1952 600 2017 Malchan)
618 1954 730 2003 collocet
769 1966 820 2007 tam
833 1959 911 2008 monti
930 1958 1077 2007 Mulucham
1094 1958 1182 2006 urbem
1194 1973 1241 2021 per
1254 1957 1296 2008 Li.

199 2032 346 2094 terminum,
362 2031 493 2095 aliquanto
506 2030 585 2091 magis
602 2029 634 2077 ad
646 2030 729 2078 orien-
765 2049 853 2098 gnrenr
865 2034 936 2083 aditu
946 2033 1025 2082 arduo
1037 2033 1199 2096 penetrarit!
1218 2035 1296 2083 Ortel.

199 2112 260 2167 tent,
271 2120 347 2170 qrram
359 2105 518 2155 Molochath.
537 2106 610 2154 Idem.
797 2112 902 2172 [gammo
917 2111 997 2174 popuii
1019 2107 1130 2170 Roman]
1154 2109 1197 2157 Sic
1209 2107 1294 2158 intra:

230 2178 343 2230 Proxime
351 2183 492 2245 Hispouhrm
502 2181 584 2229 diduri
592 2183 657 2246 sual]
668 2180 726 2229 Ful·
764 2187 809 2235 ‘et
820 2203 851 2236 eo
864 2195 981 2250 tempore
992 2185 1109 2248 ignarum
1127 2184 1235 2231 nominis
1248 2184 1297 2232 Ro·

198 2257 232 2305 vii
243 2257 317 2321 liber,
331 2259 482 2321 Hispanias
502 2258 522 2306 F
525 2267 599 2307 rento
616 2259 727 2307 Proximi
764 2263 850 2311 mani!
870 2264 978 2311 Ciacoon.

198 2334 323 2397 Hispania
339 2335 418 2383 dicari
428 2338 492 2382 suat.
509 2335 611 2381 lllaunt.
798 2338 960 2386 Satisdictam
969 2336 1016 2398 est]
1032 2334 1064 2383 'tl
1075 2338 1109 2382 est
1121 2331 1297 2395 manuscripta

230 2408 455 2471 SnperNomidicm
469 2408 575 2455 Goetulos
588 2407 729 2470 accepimns]
765 2411 972 2472 nonhahent,ac
987 2408 1173 2458 rectinsabest.
1207 2407 1297 2456 Sedet

200 2485 240 2534 ild
252 2483 384 2534 flirniiuum
397 2486 494 2549 lapsum
506 2483 605 2544 retulit,
622 2493 649 2531 et
661 2497 730 2530 mon·
766 2487 854 2536 statim
866 2493 936 2546 onte,
952 2485 1012 2533 ‘De
1030 2483 1122 2533 Africa
1141 2491 1169 2532 et
1188 2482 1220 2531 de
1239 2482 1296 2546 ejus

199 2571 261 2610 tana
273 2563 318 2610 illa
329 2578 386 2626 quse
404 2560 501 2610 Atricae
513 2560 652 2610 secuudum
664 2560 729 2609 Can·
765 2561 878 2611 ineolis:’
896 2561 921 2609 in
942 2558 1122 2621 manuscriptis
1138 2573 1189 2607 nou
1201 2559 1297 2622 repeti·

198 2638 236 2687 cri
244 2637 532 2701 Tropioumimmineut.
551 2637 663 2685 Gloreon.
765 2647 809 2688 tur
820 2639 861 2687 illa
875 2638 1023 2702 praepositio
1036 2637 1085 2700 De,
1100 2649 1148 2686 nec
1163 2636 1189 2684 iu
1200 2635 1296 2686 Arcem

230 2713 289 2762 Post
309 2728 347 2762 eos
363 2713 487 2775 AEtlu'oper
504 2711 563 2773 aare]
596 2711 727 2759 Inmane·
763 2713 1073 2774 siano,autBeroaldino.
1091 2713 1185 2763 Rivius.

198 2789 302 2852 seriptis
330 2789 440 2852 legimus
469 2787 605 2850 AEtlliopas:
632 2794 660 2835 et
688 2784 726 2834 sic
795 2793 901 2841 Canto
912 2791 1041 2853 Postquam
1052 2788 1127 2838 dicho
1138 2803 1209 2850 regno
1219 2787 1294 2851 legati

199 2865 301 2925 rectius,
323 2872 351 2913 ut
374 2866 408 2913 sit
430 2864 592 2914 accusativus
616 2863 724 2913 Graecus
761 2869 855 2927 Africa·
865 2864 1000 2929 emicuere]
1012 2867 1053 2915 Sic
1065 2871 1092 2913 et
1102 2865 1292 2927 manuscripta:

197 2940 312 2991 aldionas.
340 2942 434 2990 Rivius.
762 2959 898 3008 perperam
910 2944 935 2991 iu
954 2941 1106 3006 quibusdam
1117 2947 1166 2998 est,
1177 2939 1206 2987 ob
1224 2939 1293 2998 Afri·

229 3017 355 3080 AEthr'opor
365 3016 423 3079 esse]
457 3017 543 3080 Hujus
560 3016 667 3065 nominis
685 3029 724 3064 rc·
761 3037 801 3069 ca:
820 3018 1049 3069 nametins'eaias:
1067 3015 1126 3063 ‘ubi
1145 3027 1189 3062 eos
1206 3013 1293 3062 Africa

198 3092 286 3154 giones
298 3091 360 3139 duas
368 3092 447 3141 habet
455 3093 611 3141 Ptolomeus
623 3094 648 3141 iu
658 3092 726 3141 Afri·
762 3097 910 3146 discessisse
922 3102 994 3144 ratns
1007 3092 1065 3153 est,'
1077 3090 1169 3155 lnquit.
1187 3090 1260 3139 Idem.

197 3180 241 3224 ca;
261 3179 343 3226 unam,
362 3167 498 3229 quamsub
511 3167 725 3231 AEgyptocoguo·
797 3174 893 3221 Certum
914 3184 961 3219 esse
980 3174 1048 3218 rotas
1069 3168 1129 3230 quod
1153 3180 1185 3214 ex
1210 3165 1295 3216 amicto

197 3241 294 3289 minat:
323 3241 441 3300 alteram,
466 3257 542 3306 quam
567 3243 725 3292 interiorem.
763 3249 824 3310 apua
849 3246 1003 3295 Numantiam
1023 3243 1156 3307 acceperut]
1199 3242 1242 3291 Sic
1264 3249 1292 3293 et

197 3317 263 3366 Haec
274 3316 350 3365 hodie
362 3315 430 3365 sorte
440 3317 576 3379 Zauzibar,
585 3317 629 3365 illa
640 3325 725 3366 autem
762 3321 951 3384 manuscripta:
972 3320 998 3368 in
1011 3320 1110 3381 aliis‚od
1123 3318 1277 3368 Numantiam
1281 3334 1293 3378 ‚·

196 3410 264 3444 nuuc
288 3392 423 3458 Abyssluis
444 3395 584 3455 habitatur,
608 3401 726 3443 vocatur·
763 3411 812 3462 qrro
822 3397 897 3446 modo
912 3394 1109 3461 perfrequenter
1121 3396 1212 3445 Cicero
1220 3395 1290 3460 loqui

196 3470 654 3535 qrreAlrexisuaGarclaaloHorto3
673 3470 726 3519 Ha·
762 3472 905 3521 consuevit.
943 3471 986 3520 Sic
1008 3472 1133 3534 Virgilius
1157 3470 1206 3519 ‘ad
1227 3468 1290 3520 Tro·

196 3550 241 3596 has
268 3565 283 3596 n
306 3549 466 3612 Benjamino.
511 3548 610 3596 Plinius
636 3548 725 3597 scribit
757 3548 821 3611 jam’
838 3548 915 3607 dixin
933 3563 980 3611 pro
995 3549 1058 3610 apud
1079 3546 1187 3605 Troiam
1204 3552 1231 3594 et
1248 3546 1290 3595 Li·

195 3625 337 3673 universam
347 3626 500 3687 AEthiopiam
512 3625 572 3672 olim
585 3623 723 3672 AEtheriam
761 3624 826 3686 rius,
837 3626 844 3651 ‘
854 3623 914 3671 dssru
926 3624 981 3671 hac
993 3624 1025 3671 asi
1035 3622 1114 3685 Vejos
1126 3621 1291 3683 agebantur?
1307 3660 1310 3667 ,

195 3699 377 3748 etAtlautiam
393 3701 549 3763 appellatam
568 3698 655 3747 fuisse.
688 3698 724 3747 Hi
760 3715 809 3764 pro
830 3701 893 3764 apud
920 3700 995 3758 Vq'os.
1035 3697 1102 3756 Hoc,
1124 3696 1148 3744 ni
1171 3696 1289 3757 fallor,e

196 3776 329 3838 ffithiopes
348 3785 399 3825 tarn
421 3793 436 3826 a
457 3792 483 3825 se
504 3777 574 3839 ipsis,
596 3791 671 3840 qurum
691 3776 724 3825 ab
761 3779 846 3840 glossa
862 3777 980 3824 nimirum
998 3774 1117 3837 irrepsit:
1135 3789 1194 3822 uam
1214 3785 1291 3820 anno-

196 3852 318 3902 Asiaticis
331 3853 445 3901 omnibus
463 3852 564 3901 Chusaei
575 3852 724 3900 ahouctore
761 3863 830 3902 terat
841 3852 911 3901 forte
929 3850 1029 3914 aliquis,
1046 3851 1077 3898 od
1095 3865 1141 3912 pro
1159 3849 1222 3911 opud
1234 3858 1289 3894 esse

195 3942 249 3990 siro,
262 3934 327 3976 teste
338 3927 460 3990 losepho,
469 3929 640 3992 appellantur.
674 3927 724 3974 Ve-
761 3931 881 3992 positum.
913 3925 945 3974 ‘rh
956 3942 1004 3976 esse
1015 3927 1120 3986 ibidem,
1139 3938 1188 3972 non
1205 3928 1245 3969 est
1263 3920 1288 3968 iu

112 4004 115 4009 '
196 4016 236 4054 rus
260 4012 348 4054 autem
369 4004 476 4052 historia
494 4004 571 4053 habet
592 4004 724 4068 lEthiopes
760 4004 951 4067 manuscriptis,
969 4019 999 4053 ac
1021 4005 1086 4052 citra
1105 4000 1288 4050 detrimentum

196 4097 252 4130 curn
270 4080 446 4130 occidentales
464 4086 518 4127 tum
534 4079 681 4141 orientales,
692 4078 724 4127 si·
761 4096 848 4131 sensus
860 4082 950 4129 abesse
963 4084 1067 4144 poterit.
1086 4078 1159 4124 idem.

196 4163 242 4205 cut
253 4165 279 4204 et
291 4156 416 4204 Homerus
428 4155 499 4216 dicit,
511 4162 538 4203 et
555 4169 597 4203 eos
608 4155 723 4204 nominat
793 4158 823 4205 la
832 4171 933 4216 rognum
950 4152 1091 4201 Adherhdis
1101 4149 1203 4195 unionum
1214 4147 1290 4196 interr·
1302 4214 1305 4221 =

197 4230 350 4280 Heliodorus
362 4231 378 4279 l.
392 4243 432 4278 rx.
467 4228 724 4292 Hortensianis·
760 4231 808 4292 sis]
840 4228 925 4277 lutra:
945 4221 1188 4285 ‘Adhellumquod
1206 4230 1289 4286 gestu·

194 4305 222 4356 ln
244 4303 342 4356 striae.
381 4306 457 4357 Unde
478 4312 506 4356 et
527 4305 613 4371 gravis
635 4311 724 4355 auctor
761 4297 1132 4356 roseratauimumiatendit.’
1149 4298 1255 4352 Ciarsorr.
