3000 5040
207 422 282 494 ⁷26
560 438 668 490 noun
691 439 892 490 vantoann
916 438 984 487 su.

206 583 336 644 AEneidos,
357 582 471 634 Charisia
490 583 507 633 Ι.
526 598 545 634 ι.
563 584 630 633 Inst.
646 582 735 632 Gram.
774 581 875 631 dedisse
887 580 998 643 videtur,
1009 578 1109 646 qnando
1125 579 1156 630 ad
1166 579 1305 645 'ligranenr

204 662 333 724 maccus,
344 675 400 726 pro,
411 661 537 710 monodia:
553 662 591 709 ita
610 659 677 708 eninr
690 661 736 708 lis·
774 673 860 722 regem
878 656 1008 707 Armenias
1031 657 1119 721 fugere
1142 656 1284 722 cogebatur
1295 672 1309 704 t-

203 755 255 804 .per
273 740 404 804 intelligit,
421 739 484 788 licet
502 738 546 787 alii
563 736 736 786 accusativum
774 734 918 783 dissimulat
936 741 1022 783 tamen
1043 734 1126 797 adhue
1139 734 1255 782 timorem
1275 737 1304 780 et

200 829 263 866 esse
287 815 375 865 velint.
411 814 499 864 Verba
522 819 605 862 uatem
628 811 737 862 Charisii
773 817 922 872 egestatem,
932 816 962 859 nt
973 809 1074 859 facilius
1086 809 1209 860 Arsacem
1220 807 1305 857 adso·

205 892 282 941 aliter
305 893 391 957 tulga,
414 893 494 941 aliter
516 891 542 940 in
571 888 736 946 membranis,
773 886 896 936 rietatem
906 886 967 935 belli
980 894 1069 936 eontra
1080 885 1306 936 Romanosinean·

206 984 314 1033 quartam
334 985 403 1032 usus,
415 975 443 1018 ut
464 968 617 1032 reliquarum
634 965 736 1016 Coloni·
773 961 833 1010 darn
845 960 978 1026 pelliciat:
995 964 1067 1027 eujus
1076 963 1156 1025 gratia
1168 962 1249 1011 etiam
1259 963 1305 1026 (nt

206 1045 307 1094 ensium
326 1046 447 1105 omnium,
457 1044 527 1104 milri,
539 1044 598 1092 dum
616 1043 642 1090 in
662 1040 736 1091 Ubiis
773 1039 798 1087 in
809 1040 854 1088 tali
865 1055 893 1088 re
901 1039 956 1090 deri
967 1039 1044 1103 solut)
1050 1039 1163 1089 ostendit
1175 1040 1304 1089 Romanos

205 1132 295 1181 essem,
304 1121 344 1169 vir
355 1120 500 1169 eruditione
512 1117 633 1181 singulari
645 1122 671 1165 et
682 1115 736 1165 exi·
772 1129 919 1165 communes
945 1116 1058 1166 omnium
1086 1130 1173 1180 regum
1200 1116 1303 1176 hostes3

205 1194 259 1244 mia
288 1195 447 1246 humanitate
477 1203 582 1245 ornatas
610 1192 736 1242 Melelaior
772 1190 1315 1254 quodetiamJagurtbaBocclroscripse-,

131 1262 133 1267 ’
206 1268 357 1335 Hlttorpius
380 1272 491 1322 libenter
512 1285 649 1335 expensum
671 1267 737 1317 t'ere·
771 1270 822 1312 rat·
848 1263 924 1313 Dicit
941 1278 1003 1326 ergo
1019 1265 1045 1313 in
1063 1266 1200 1330 principio,
1211 1264 1304 1325 Arsaci

204 1343 260 1404 bei,
270 1347 338 1396 hunc
350 1347 375 1396 in
388 1348 490 1397 modum
508 1344 630 1412 perscribi
641 1343 735 1394 video:
772 1340 836 1388 utile
846 1353 902 1389 ease
912 1341 1087 1391 communibus
1104 1343 1181 1390 armis
1192 1357 1304 1391 conturn-

204 1419 413 1471 ‘Pstersamiiias
431 1429 458 1471 et
476 1418 679 1479 materfamilias,
693 1435 737 1468 an·
773 1429 818 1465 nes
836 1416 924 1465 hostes
943 1417 1105 1481 propellere:
1124 1416 1185 1480 quia
1202 1417 1303 1466 etiamst

205 1493 269 1559 tiqui
292 1497 372 1558 magis
393 1500 568 1558 usurparant3
596 1502 737 1558 propterea
771 1491 799 1540 in
818 1492 1093 1555 percantaverint
1111 1492 1234 1541 Romanis
1250 1506 1310 1540 non.

207 1570 277 1633 quod
295 1571 451 1620 nominativo
472 1570 619 1634 singularis
634 1571 735 1620 literam
772 1569 979 1631 permitteretur.
1012 1568 1115 1617 Deinde
1126 1568 1242 1618 ostendit
1253 1567 1301 1619 eti-

206 1643 373 1708 adjiciebant,
384 1653 412 1694 nt
433 1645 551 1695 facerent
572 1647 734 1709 genitivum:
771 1657 813 1692 am
831 1645 976 1705 honestum,
992 1644 1052 1709 qnia
1070 1644 1204 1709 gloriosam
1221 1643 1302 1707 etab

200 1718 260 1769 baeo
270 1718 376 1783 familia,
385 1721 461 1785 hujus
470 1720 593 1770 familias:
612 1722 669 1771 haee
679 1722 735 1770 Ma·
773 1721 890 1771 omnibns
920 1721 1075 1772 laudabilem
1101 1727 1302 1785 consequeretur

196 1793 237 1859 jn,
248 1795 322 1859 bajus
332 1796 433 1860 blajas:
451 1811 526 1861 qnam
538 1796 735 1847 declinationem
772 1797 913 1847 victoriam.
932 1797 995 1846 Bau.

204 1879 232 1920 et
252 1871 388 1920 Sallustius
409 1873 435 1921 iu
455 1874 534 1923 tertio
553 1880 659 1923 secatus
678 1880 733 1924 est:
807 1874 862 1924 Tibi
871 1878 981 1936 perpetua
990 1872 1107 1936 pucefrai
1117 1871 1207 1934 liceret]
1224 1872 1301 1920 Frus-

202 1946 316 1995 Castella
334 1949 464 1997 custodias
481 1950 674 2011 thesaurum,in
691 1951 736 2000 de·
771 1951 950 2015 trainqnit,a
968 1965 1009 1999 me
1027 1949 1060 1999 ad
1075 1950 1223 1998 societatem
1234 1949 1302 2007 belli

201 2020 326 2070 ditionem
345 2023 535 2087 acciperentur,
552 2026 596 2072 sed
614 2026 734 2076 emenda·
771 2026 937 2089 petereris,si
956 2040 989 2075 ea
1007 2031 1076 2074 esset
1096 2038 1179 2073 rerum
1199 2031 1301 2073 trrarnm

202 2097 255 2148 tius
266 2097 400 2163 custodire,
411 2101 500 2165 biajte,
510 2108 538 2149 et
549 2099 653 2150 familiae
670 2103 734 2152 dici·
770 2102 936 2163 nunditiam
951 2101 1001 2150 tibi
1019 2107 1145 2164 perpetua
1160 2114 1224 2163 pace
1240 2099 1302 2148 lice·

201 2178 264 2223 tnr.’
285 2175 378 2224 Carrio.
768 2185 810 2226 ret
819 2176 877 2238 frui,
885 2178 933 2225 nisi
945 2177 971 2226 ia
983 2177 1044 2240 ipsis
1054 2176 1125 2240 regni
1136 2177 1173 2224 tui
1183 2174 1301 2224 soricibus

236 2250 336 2314 Reliqua
356 2253 469 2302 cadurcus
486 2253 568 2316 min]
593 2253 732 2303 Diomedes
768 2251 856 2300 hostes
866 2263 954 2302 essent
965 2252 1105 2315 opportuni
1117 2257 1143 2299 et
1154 2252 1301 2301 sceleratis·

201 2328 257 2374 Μ.
274 2326 418 2388 ‘Veteres‚'
434 2328 526 2392 inquit,
541 2329 733 2394 ‘ambiguitatis
769 2327 843 2388 simi3
860 2327 909 2376 nisi
922 2329 1031 2393 denique
1047 2328 1151 2392 egregia
1162 2326 1237 2390 fama,
1250 2330 1301 2377 Ro·

201 2413 294 2451 caussa
304 2402 387 2451 salies
397 2402 518 2452 dixerunt
530 2419 544 2452 a
555 2407 613 2465 salo,
632 2418 684 2455 non
695 2420 732 2456 m·
769 2404 852 2454 manis
875 2405 1014 2468 oppressis,
1031 2411 1058 2454 te
1079 2408 1150 2453 esset
1170 2412 1301 2468 scputura.

199 2475 251 2526 llo!
280 2477 377 2528 Nescio
398 2486 484 2528 antem
504 2495 536 2528 sn
556 2482 611 2530 brec
632 2481 666 2530 ad
688 2494 731 2530 ιιι.
771 2480 866 2530 Cassio.

199 2549 361 2601 historiarum
379 2555 526 2617 pertineant
544 2555 644 2615 librum,
656 2561 683 2605 et
691 2570 732 2606 eo·
802 2557 857 2606 Tibi
869 2563 984 2621 perpetua
998 2573 1053 2623 pace
1063 2557 1118 2615 seui
1129 2557 1219 2620 liceret]
1238 2557 1300 2606 Non
1360 2574 1362 2579 ·

198 2625 259 2674 dem
270 2641 327 2676 curn
339 2628 382 2676 illo
393 2628 531 2678 referenda
542 2631 593 2679 sint
604 2629 730 2694 fragmen·
769 2633 884 2682 roliaeret
906 2634 987 2682 oratic
1000 2651 1006 2681 :
1031 2640 1059 2683 et
1080 2648 1170 2682 vereor
1187 2635 1301 2694 lurcule,

199 2706 237 2761 to,
248 2702 315 2764 qnod
332 2719 348 2750 a
364 2717 405 2751 rne
416 2704 552 2753 undecimo
567 2707 678 2768 positum
690 2715 731 2757 est
768 2721 801 2756 ne
813 2714 992 2771 coagmentum
1007 2706 1110 2770 aliquod
1128 2706 1301 2756 desideretur.

198 2776 275 2835 loeo;
297 2792 329 2825 an
351 2792 413 2828 vero
436 2779 563 2828 decimum
585 2781 647 2830 illud
672 2783 731 2832 libri
768 2783 838 2836 Quid
856 2785 876 2832 si
893 2785 930 2833 ita
940 2783 1071 2847 legamus?
1088 2783 1169 2832 Aliter
1179 2799 1249 2845 neque
1258 2800 1299 2846 pe·

198 2852 272 2902 tertii
285 2852 455 2917 fragmentum
474 2856 500 2905 in
517 2858 585 2907 bunc
602 2860 686 2922 potins
703 2862 731 2909 li·
767 2862 817 2907 tere
828 2860 925 2906 audeam
936 2858 1086 2912 canorem·
1103 2856 1141 2905 uti
1159 2857 1184 2904 in
1197 2857 1301 2906 Oratio·

141 2967 143 2971 ,
198 2926 272 2978 brum
283 2930 472 2993 conjiciendum
484 2933 535 2982 sit:
552 2933 735 2990 infinitaenim,
767 2946 799 2980 ne
819 2932 853 2980 cd
871 2933 1016 2982 Caesarem:
1034 2931 1133 2980 ‘Aliter
1144 2946 1226 2995 neque
1248 2935 1301 2995 pri·

199 3014 259 3054 sunt
269 3005 295 3054 in
305 3006 430 3056 Diomede
439 3008 545 3058 menda:
558 3025 730 3075 eaqueemen·
767 3015 827 3058 vata
837 3023 887 3070 res,
895 3022 979 3073 aeque
992 3005 1113 3070 publiea,’
1124 3010 1172 3055 &c
1183 3016 1226 3054 aut
1240 3009 1301 3056 ulti·

199 3081 317 3130 datorum
329 3082 436 3132 audacia
447 3085 538 3133 mirum
550 3099 580 3133 ac
600 3100 674 3149 poene
692 3088 729 3136 in·
766 3097 808 3133 ma
825 3092 897 3134 certe
918 3083 1005 3148 primis
1021 3083 1167 3142 inserendo,
1179 3081 1242 3130 ordo
1260 3090 1299 3132 to·

199 3155 324 3207 credibile
336 3157 407 3206 dictu
416 3166 539 3222 quantum
550 3163 729 3223 excreverint;
768 3161 819 3211 tius
839 3159 960 3210 dictionis
977 3157 1130 3218 mutandus:
1149 3158 1230 3206 donee
1242 3165 1299 3207 tun-

196 3229 236 3278 ita
253 3236 282 3279 nt
302 3232 410 3294 primam
426 3234 480 3296 ejus
498 3235 637 3286 editionem
649 3238 730 3287 omni·
766 3237 826 3290 dein
838 3238 971 3290 commoda
983 3238 1070 3301 aliqua
1086 3236 1212 3287 seruientia
1230 3238 1298 3286 exis·

199 3317 252 3366 um,
263 3321 320 3368 quae
331 3306 453 3356 hactenus
461 3317 521 3359 sunt
533 3312 606 3373 visor,
616 3312 729 3376 integer·
766 3320 815 3375 tat,
826 3314 970 3379 cujusmodi
981 3313 1049 3363 baud
1061 3313 1169 3361 alienam
1177 3327 1237 3359 sanc
1249 3312 1297 3362 lunc

198 3376 298 3439 rimam,
310 3385 356 3426 aut
373 3389 445 3427 certe
464 3384 569 3433 minime
581 3397 728 3453 corruptam
766 3392 957 3442 constructione
969 3392 1099 3440 electurus
1111 3388 1214 3448 videor:
1226 3390 1297 3438 ‘Tibi

199 3462 323 3519 mefe
337 3454 425 3504 albim·
443 3455 517 3506 Idem·
767 3477 894 3532 perpetus
915 3482 979 3532 pace
1000 3466 1052 3516 frui
1073 3467 1186 3525 liceret3
1213 3481 1297 3531 neque

203 3607 205 3612 .
230 3541 729 3609 Arsaci]Ejnsnominisvestiglainpef.
767 3551 858 3602 petere
871 3546 976 3594 audeam
987 3543 1148 3601 societatem,
1159 3549 1185 3588 et
1198 3541 1297 3592 irrrstra

299 3663 308 3675 ,,
337 3649 345 3665 ·
497 3658 522 3671 ..
545 3659 551 3671 .
766 3616 835 3663 maia
845 3631 902 3664 mea
912 3631 969 3666 cnm
981 3615 1030 3662 tuis
1042 3613 1115 3661 bonis
1126 3614 1228 3665 misceri
1241 3633 1297 3681 spe·

197 3668 281 3706 ”mm
295 3651 368 3731 ια’
380 3656 504 3722 smh’qm
515 3660 565 3708 ’ΠΒ
576 3661 673 3726 Regem
685 3662 729 3713 de·
765 3703 821 3738 rem
833 3707 840 3751 3
856 3689 905 3738 nisi
914 3690 1000 3738 hostes
1010 3689 1160 3751 opportuni,
1168 3697 1195 3739 et
1205 3694 1299 3740 seeles-

197 3763 281 3807 notat.
310 3757 387 3805 Unde
402 3765 430 3806 et
439 3759 570 3810 Scaecbiae
582 3763 656 3814 ludus
668 3766 729 3815 dici·
767 3765 858 3815 tissimi
867 3765 882 3814 :’
899 3762 1047 3828 opportuni,
1059 3763 1102 3811 eui
1122 3765 1176 3812 rei?
1194 3765 1296 3828 injuriae

197 3840 247 3900 iul·
273 3831 342 3881 Ηὶὓθ
354 3832 477 3884 Seahmat
489 3850 576 3899 regem
587 3853 688 3905 qnoque
699 3843 728 3892 il·
765 3844 834 3895 forte
845 3841 974 3908 patiunda
982 3855 1025 3901 ne,
1035 3856 1067 3890 nn
1079 3821 1223 3892 iaciendas?
1239 3859 1296 3892 cre-

195 3909 228 3957 ¹³⁸
238 3907 388 3971 l)‘²¹'l³¹‘³¹‘¹¹m
401 3907 516 3959 demm-
765 3919 873 3969 doistuc
886 3925 1042 3982 postremum
1054 3920 1120 3968 velle
1133 3919 1226 3970 dicere.
1246 3923 1296 3970 (le-

232 3984 568 4051 Osasesquisecuadisrebrrs]
585 3991 652 4041 Haec
661 3995 727 4059 epis·
764 4001 848 4045 terum
859 3994 918 4042 bona
929 4001 958 4044 et
968 3996 1038 4055 mab,
1050 4010 1107 4059 quae
1125 3994 1193 4043 inter
1207 4011 1233 4044 se
1253 3997 1294 4046 uic

197 4061 249 4110 iola
260 4059 420 4112 Mithridatis
431 4063 498 4126 regis
510 4064 598 4130 Ponti,
607 4069 639 4117 ad
648 4069 725 4122 Arsa·
763 4071 859 4134 opponi
872 4068 953 4132 vides,
965 4071 1079 4134 reperias
1098 4077 1125 4119 et
1136 4070 1204 4132 apud
1216 4071 1293 4120 Plan·

195 4150 252 4186 cem
269 4150 355 4201 regern
372 4137 507 4188 Persarum
527 4148 576 4192 est.
610 4146 678 4196 Nam
695 4156 725 4199 ut
762 4153 817 4195 tarn
829 4145 874 4197 illo
887 4146 1020 4197 Aulularia
1032 4161 1117 4196 versu:
1136 4145 1232 4194 ‘Ronis
1242 4148 1293 4197 tuis

194 4212 300 4262 Servius
317 4220 464 4278 attestatur,
476 4231 564 4267 omnes
578 4234 652 4286 reges
661 4225 724 4274 Per·
761 4223 839 4273 rebus
850 4239 919 4273 meas
932 4239 973 4274 res
983 4223 1076 4273 irrides
1086 4218 1182 4272 malas!
1200 4223 1292 4273 Dorso.

196 4299 281 4339 mum
287 4289 386 4368 Arsaces
393 4290 555 4345 dicebantur.
564 4297 628 4348 Eam
637 4305 723 4354 autem
795 4299 852 4352 Nisi
863 4301 940 4351 hostes
948 4297 1084 4365 opportuni]
1095 4297 1180 4349 Verba
1187 4306 1248 4349 snat
1258 4314 1292 4350 ex
