3000 5040
195 331 261 402 olid
464 386 471 397 .
543 342 649 392 uuum
673 342 874 411 vauroauu
899 343 939 391 ru

195 488 254 550 legit
264 486 309 536 aiii
320 487 422 536 homiues
437 486 531 547 aediles,
543 485 668 547 factiosos]
691 484 723 532 ln
760 484 920 546 cidensilms,
931 491 990 534 eta
1010 484 1136 550 Dionysio
1155 497 1214 547 rege
1233 482 1289 533 solo

198 563 349 619 Fabricinno
367 570 416 620 est,
436 563 499 621 legul
518 561 577 609 sili:
597 559 723 624 qtromotio
761 569 898 624 aequatam,
909 569 963 610 cta
975 561 1103 624 Dionysio
1116 560 1220 624 juniore
1235 558 1290 622 ejtrs

196 646 223 686 ct
235 638 366 699 exemplar
377 637 454 685 lrabet
471 636 697 698 Mersebnrgense‚
709 649 724 682 a
762 643 861 699 partem
872 644 1043 686 restauratam
1059 637 1158 694 scribit,
1170 643 1198 685 et
1213 635 1290 685 Pun-

196 715 380 774 rerbolegnre5
397 714 612 777 quemadmodum
632 713 724 763 Cicero
760 711 845 760 belam
866 712 1030 776 appellatam.
1074 712 1208 762 Ascheuas
1228 712 1290 762 elim

196 805 283 853 saepe;
301 792 385 839 velut:
404 791 614 839 ‘Dolabellame
630 788 725 837 sibile·
762 788 859 838 dictam
884 790 960 838 docet
987 805 1029 843 eu⁴
1047 789 1162 853 Josepiso
1183 789 1294 838 Gabriel

182 866 283 930 'gavit’
294 874 322 915 et
332 867 340 892 ‘
352 867 440 915 Cesar
456 867 569 915 Cassium
588 865 637 913 sili
657 865 726 927 lega·
762 864 876 914 Barrius.
893 865 965 914 idem
975 865 1048 914 addit
1057 880 1111 913 saur
1120 866 1152 914 ab
1162 865 1294 921 Antiocho

195 942 249 994 vit’
275 943 355 990 item:
374 943 529 1005 ‘Egomea
547 940 726 1004 Ponpejole·
762 941 832 1003 apud
860 941 1091 991 Halicarnassaeum
1123 941 1291 990 Posidonium

196 1018 250 1081 gari
269 1017 306 1066 ita
321 1033 375 1064 snm
396 1032 493 1078 passus,
511 1016 615 1075 ut,'&c.
648 1015 726 1072 Item,
762 1017 817 1065 sive
831 1017 987 1080 Neptunium
1000 1017 1163 1080 appellatam.
1189 1017 1290 1065 Probus

195 1092 336 1157 ‘istiquos
352 1093 451 1154 legatos
470 1099 524 1139 tute
544 1091 590 1139 tibi
607 1086 699 1151 legasti
707 1089 723 1138 :'
762 1091 954 1141 Grammaticus
970 1093 996 1139 in
1008 1091 1061 1140 vita
1070 1091 1170 1154 Virgilii
1181 1090 1244 1139 dicit
1257 1105 1295 1138 ex·

195 1179 239 1231 εἰς
256 1171 318 1219 ‘Ne
332 1171 460 1230 legaretur
480 1170 512 1218 A.
529 1169 655 1218 Gabinius
675 1170 722 1218 Cn.
762 1167 1018 1230 Cotonisoriginibus
1027 1167 1125 1216 incolas
1135 1166 1290 1215 Tatuociuos

196 1245 323 1307 Pompeio
343 1243 492 1307 expetenti!
525 1243 619 1292 Facilis
638 1252 723 1291 autem
760 1257 776 1292 a
803 1242 907 1291 flunsiue
929 1240 1120 1304 praeterfluente
1142 1242 1292 1293 nominatos.

195 1329 222 1369 ct
235 1320 355 1382 proclivis
365 1336 436 1367 error
447 1319 507 1380 i'uit,
518 1319 592 1367 tinius
608 1319 724 1368 immuta·
760 1318 845 1380 Hujus
854 1316 1054 1379 descriptionem
1066 1317 1123 1379 lege
1135 1321 1171 1364 12.
1188 1317 1290 1366 l'ariar.

196 1395 266 1444 tione
283 1393 386 1442 littera.
420 1393 495 1444 Quod
515 1394 548 1441 acl
567 1392 724 1456 iptoppnplas
762 1394 829 1455 apud
843 1392 1032 1441 Cassiodorum.
1053 1390 1140 1439 Hodie
1153 1392 1237 1440 Rezso
1250 1406 1292 1439 vo·

196 1471 299 1529 attinet,
318 1470 407 1531 legunt
429 1469 471 1518 elii
495 1469 661 1532 Calpiarnias,
679 1472 723 1519 ed·
761 1476 834 1517 catur
845 1467 963 1516 Leandro
976 1474 1054 1515 teste.
1088 1468 1165 1516 Ortel.

195 1545 250 1603 dito
264 1544 370 1606 Spiritu.
403 1544 454 1592 Sed
472 1544 644 1594 Volaterenns
663 1548 724 1596 alte·
786 1545 871 1606 'Atque
887 1544 941 1592 iude
957 1542 1089 1608 'Siciiionj
1117 1543 1224 1593 Omittit
1245 1546 1290 1593 aii·

194 1634 250 1669 rum
281 1619 360 1680 magis
390 1620 499 1681 proluet:
527 1623 629 1684 qiricum
652 1625 724 1686 origo
761 1620 864 1684 quando
892 1619 1086 1683 prepositiones
1106 1620 1290 1683 Sallustiusin

194 1698 248 1760 ipsa
266 1696 374 1745 nominis
393 1694 471 1746 fecit:
492 1713 549 1747 nuru
568 1699 724 1749 Plutarchum
762 1696 950 1760 provinciarum
985 1695 1139 1756 nominibus,
1166 1694 1290 1760 additque

195 1772 222 1820 in
244 1771 298 1820 vita
318 1772 409 1821 Numae
432 1773 478 1821 dal
496 1775 539 1822 τοῦ
560 1774 662 1837 asiarco,
681 1776 724 1839 qni
762 1771 878 1832 urbibus,
899 1771 1038 1834 quodCic.
1056 1771 1180 1819 etiamst
1197 1770 1292 1820 aliisa-

194 1844 290 1898 luerint
306 1863 321 1897 e
337 1849 724 1914 Numaeiiberiasodsltaurvp-
762 1848 850 1897 ciunt:
880 1847 924 1896 sed
947 1846 1057 1896 maxime
1075 1845 1186 1895 omnium
1208 1846 1291 1895 Tacit.

195 1922 348 1988 siovsdi'ctos
361 1933 446 1988 putat.
479 1926 571 1976 Rivius.
762 1925 897 1974 ntAnnal.
909 1938 928 1973 r.
950 1925 1004 1973 ‘Et
1023 1925 1118 1973 comite
1140 1939 1189 1973 uno
1209 1923 1290 1974 Fabio

227 2000 308 2061 Legat
318 2001 374 2062 sili,
387 2001 439 2064 lfa]
457 1999 545 2062 idest,
561 2002 660 2065 legatos
675 2001 724 2050 sibi
765 2001 878 2049 Maximo
891 2000 1036 2049 Planasiam
1053 2008 1156 2049 ventum
1168 2000 1185 2047 :’
1205 2007 1232 2048 et
1243 2000 1289 2050 lib.

195 2075 309 2124 assumit.
344 2077 424 2124 Erant
446 2087 531 2127 erstem
557 2078 658 2140 Legati,
681 2077 724 2140 qui
763 2076 1136 2138 vrr.‘Samnmtrnjecerunt.'
1165 2075 1274 2125 Cioccaa.

195 2151 300 2214 singulis
318 2152 461 2215 legionibus
477 2160 620 2215 praeerant:
639 2160 723 2201 eraut·
793 2154 871 2200 Pom
890 2169 921 2202 ex
938 2152 1066 2201 Siciliain
1086 2151 1195 2210 Africam
1213 2156 1291 2200 trans·

197 2241 246 2291 quie
256 2227 407 2292 plerumque
417 2236 530 2291 praetura
540 2229 630 2278 functi.
644 2229 724 2277 ciacc.
760 2233 832 2277 certe
842 2228 908 2290 sant]
926 2228 1059 2277 Sallustius
1075 2227 1147 2276 addit
1163 2228 1205 2277 hic
1224 2243 1290 2290 pree·

228 2303 326 2352 Manita
331 2302 399 2365 sore]
422 2305 490 2356 Quid
511 2305 532 2353 si
554 2306 624 2367 legas
644 2306 724 2367 impu·
761 2305 921 2368 positionem,
931 2319 1006 2369 quam
1018 2305 1043 2353 in
1056 2303 1141 2352 verbis
1154 2319 1210 2367 qum
1226 2319 1292 2367 prae·

196 2388 247 2434 aila
260 2384 325 2444 sore.
360 2385 391 2433 id
414 2393 484 2433 certe
504 2398 592 2434 sensns
613 2383 668 2447 ipse
687 2398 725 2432 re·
762 2381 868 2442 cedunt,
879 2381 1041 2441 ooniacum
1053 2379 1133 2444 dixit:
1152 2374 1225 2427 ‘Per
1238 2379 1291 2427 Ita·

195 2478 289 2526 spuere
309 2478 359 2511 non
376 2462 488 2522 videtur,
508 2463 624 2527 quamvis
647 2461 725 2510 recla-
761 2455 821 2504 liam
834 2457 968 2520 Rhegium,
985 2463 1063 2520 atque
1082 2455 1141 2503 iude
1157 2455 1291 2509 Siciliam!

196 2539 533 2602 mantibusexemplaribus.
567 2539 624 2587 Nisi
635 2538 725 2585 maniis
762 2533 804 2581 Sic
821 2533 928 2583 Tacitus
945 2533 996 2581 i.r.
1015 2532 1293 2590 ‘EtcomiteunoFa-

197 2615 308 2675 positum
333 2615 414 2671 dicas,
437 2628 492 2675 pro,
510 2614 590 2660 Velut
606 2612 726 2673 praesidio
763 2610 806 2658 bio
818 2613 932 2661 Maximo
952 2612 1097 2660 Planasiam
1118 2610 1245 2670 ventum3’
1263 2619 1292 2660 et

197 2687 305 2749 quodam
318 2687 512 2742 confirmatam
525 2686 630 2746 quiesiin
641 2693 725 2732 tutum
763 2686 779 2732 l.
796 2700 844 2733 vri.
863 2688 985 2734 ‘Samum
1006 2685 1181 2748 trajecerunt)
1215 2685 1291 2736 Quod

196 2760 333 2808 collocata.
366 2759 417 2805 Sed
438 2767 465 2805 et
486 2772 579 2818 supra:
597 2757 658 2805 ‘C.'
675 2758 725 2818 (iu-
763 2773 823 2806 sero
835 2761 961 2822 sequitur,
972 2763 1097 2822 pagsrosdo
1113 2763 1184 2823 cepit,
1194 2761 1219 2809 id
1231 2775 1291 2824 per·

196 2835 263 2898 qrrit)
273 2837 279 2861 ‘
291 2833 408 2882 Baebium
421 2832 551 2880 tribunum
563 2832 646 2894 plebis
657 2847 726 2894 meg·
762 2835 827 2882 tinet
845 2836 877 2883 ad
895 2839 1027 2900 antiquam
1040 2837 1184 2898 formulam,
1196 2837 1228 2886 de
1240 2852 1292 2905 qua

196 2925 230 2969 na
242 2910 361 2960 mercede
380 2908 548 2972 pn1·at,cujus
567 2908 725 2970 impudentia
761 2910 821 2957 alibi
834 2911 952 2961 dixinms.
989 2914 1097 2962 Ursinus.

196 2988 333 3051 contrajus
345 2996 372 3035 et
389 2986 493 3049 injurius
510 2998 596 3032 coines
613 2986 724 3031 munitus
793 2985 891 3048 Sicilia]
909 2988 1021 3038 Qriaect
1041 2989 1143 3038 Sicania
1160 2996 1187 3039 et
1198 2990 1290 3039 Trina·

197 3065 263 3114 t'uret
275 3065 290 3112 :'
310 3079 366 3127 pro,
377 3062 499 3111 Arrrrntus
516 3070 542 3109 et
554 3059 626 3123 quiesi
637 3076 662 3107 sc
713 3074 724 3108 s
760 3062 827 3110 cria:
841 3063 1041 3127 arrt'l'riquetra,
1051 3065 1136 3113 Plinio
1146 3074 1220 3116 teste.
1232 3067 1292 3115 Tri·

197 3150 275 3204 atque
288 3141 406 3188 vallatus.
440 3139 533 3185 Ruius.
761 3139 848 3187 uaerin
859 3153 915 3188 enm
929 3143 1005 3189 vocat
1017 3141 1096 3190 Ouid.
1109 3144 1209 3191 Fastor.
1221 3144 1239 3192 l.
1252 3157 1290 3195 iv.

229 3219 268 3265 De
279 3219 344 3275 caius
355 3222 440 3264 notram
452 3222 475 3264 et
490 3215 572 3263 iahilu
589 3230 659 3278 surim
679 3231 724 3264 me·
759 3215 867 3276 Τρινακῐη
882 3215 960 3264 habet
979 3216 1086 3278 Dionys.
1105 3216 1244 3266 Alexandr.
1263 3226 1291 3266 et

196 3291 348 3350 moruuimas]
364 3293 447 3352 Supra
457 3292 544 3351 capite
558 3297 598 3339 ln.
627 3290 678 3338 bed
689 3291 723 3339 ibi
761 3290 878 3354 Opnvnain
889 3291 990 3349 Suidas,
1005 3293 1052 3339 nisi
1072 3292 1180 3341 vitiosus
1200 3293 1232 3340 sit
1249 3307 1291 3341 co·

197 3364 302 3411 niliilde
313 3363 409 3411 habitu.
444 3364 588 3412 Cioocouius.
761 3368 822 3428 dea,
836 3383 884 3430 qrro
905 3367 1006 3415 nomine
1023 3367 1101 3415 etiam
1121 3368 1235 3430 ejusdem
1255 3368 1292 3414 in·

206 3439 293 3488 ‚Belli
312 3439 374 3486 Muti
392 3439 656 3500 igrww,ſsrini³³i¹nur
672 3453 724 3485 0011-
761 3444 822 3491 suine
832 3443 920 3491 urbem
933 3443 1012 3491 habet
1029 3444 1157 3490 Diodorus
1167 3444 1218 3490 Sic.
1248 3442 1291 3489 Iu-

197 3513 361 3576 irnpericuio]
382 3514 423 3560 Sic
444 3522 471 3560 et
492 3514 622 3574 exemplar
638 3528 725 3560 mauu·
761 3520 817 3566 sula
839 3529 925 3568 nutem
948 3521 1022 3567 uraris
1045 3518 1231 3566 Mediterranei
1251 3525 1291 3566 est

198 3590 322 3651 scriptum
334 3605 340 3637 ι
359 3602 414 3651 pro,
424 3592 530 3635 constares
541 3595 568 3634 et
579 3587 724 3648 intrepidas:
760 3593 938 3643 celeberrima.
973 3594 1112 3656 Cyclopum
1124 3600 1219 3639 terram
1232 3607 1289 3642 earn

195 3667 258 3715 licet
278 3665 302 3712 iu
324 3665 459 3724 nonnullis,
475 3663 623 3722 fatuorum
643 3669 725 3712 euulsa
762 3667 890 3716 Homerus
908 3670 1035 3718 nominat:
1052 3667 1224 3715 Tricerviccm
1240 3667 1290 3730 Ly-

194 3742 464 3806 periculureperiatur.
497 3741 588 3789 [liuius.
619 3742 628 3755 ”
761 3745 883 3807 euphron,
904 3753 931 3793 et
952 3742 1129 3803 'l‘ricuspidem
1153 3742 1288 3793 Pindarus.

163 3830 166 3834 ’
206 3868 209 3871 ,
230 3816 359 3879 Rhegium]
376 3817 443 3866 Urbs
463 3819 487 3866 in
506 3818 582 3866 litore
599 3817 724 3865 (Uelabriae
760 3820 810 3869 Sed
823 3821 878 3869 lsoec
896 3822 980 3881 potius
1000 3817 1132 3880 Epitheta,
1145 3834 1220 3881 quam
1240 3820 1289 3882 Sy-

198 3895 327 3958 eregione
346 3893 482 3954 Messanae,
500 3893 641 3941 secundum
661 3893 724 3942 ulios
761 3904 952 3956 nonymasuut.
971 3894 1047 3940 Orici.
1072 3893 1131 3942 Vid.
1144 3902 1171 3943 et
1183 3895 1287 3944 Cluver.

198 3974 223 4020 iu
241 3970 338 4021 Brutiis
353 3970 411 4028 sita,
429 3969 521 4033 quibus
538 3985 585 4032 ego
607 3983 648 4017 me
665 3984 724 4018 cun·
760 3969 794 4018 de
805 3971 875 4018 Sicil.

194 4049 305 4112 jungere
327 4047 427 4095 malim:
457 4061 599 4110 qrrnrrqiiam
628 4047 724 4095 Siciliae
792 4047 822 4095 Ia
838 4047 1094 4109 Africomlruuscectoe
1105 4045 1170 4107 aaut]
1187 4045 1284 4095 Tirsai

199 4124 259 4171 urbs
273 4124 307 4171 D.
321 4123 478 4183 Hieronymo
498 4123 524 4168 iu
542 4120 725 4169 locisilcbrai·
760 4121 982 4170 inuisanonest.
1017 4121 1114 4169 Rivius.

197 4200 245 4259 eis,
278 4200 354 4249 Hauc
368 4198 462 4250 Strabo
478 4196 724 4248 conditemeCiral-
791 4197 822 4246 Ia
840 4195 910 4262 initio
925 4197 1018 4261 parntis
1039 4195 1213 4261 conantum]
1231 4198 1290 4250 Ma·
