<?xml version="1.0" encoding="UTF-8"?>
<!DOCTYPE html PUBLIC "-//W3C//DTD XHTML 1.0 Transitional//EN"
    "http://www.w3.org/TR/xhtml1/DTD/xhtml1-transitional.dtd">
<html xmlns="http://www.w3.org/1999/xhtml" xml:lang="en" lang="en">
 <head>
  <title>
</title>
<meta http-equiv="Content-Type" content="text/html;charset=utf-8" />
  <meta name='ocr-system' content='tesseract 3.04.00' />
  <meta name='ocr-capabilities' content='ocr_page ocr_carea ocr_par ocr_line ocrx_word'/>
</head>
<body>
  <div class='ocr_page' id='page_1' title='image "./ccrispisallusti00sallgoog_0096.png"; bbox 0 0 3000 5040; ppageno 0'>
   <div class='ocr_carea' id='block_1_1' title="bbox 204 333 952 398">
    <p class='ocr_par' dir='ltr' id='par_1_1' title="bbox 204 333 952 398">
     <span class='ocr_line' id='line_1_1' title="bbox 204 333 952 398; baseline -0.013 -6"><span class='ocrx_word' id='word_1_1' title='bbox 204 333 270 398; x_wconf 73' lang='grc'><strong>484</strong></span> <span class='ocrx_word' id='word_1_2' title='bbox 554 337 660 388; x_wconf 77' lang='lat' dir='ltr'><strong>noun</strong></span> <span class='ocrx_word' id='word_1_3' title='bbox 685 335 887 384; x_wconf 84' lang='lat' dir='ltr'><strong>vsnrouuu</strong></span> <span class='ocrx_word' id='word_1_4' title='bbox 912 336 952 383; x_wconf 87' lang='lat' dir='ltr'><strong>ru</strong></span> 
     </span>
    </p>
   </div>
   <div class='ocr_carea' id='block_1_2' title="bbox 191 474 1299 4240">
    <p class='ocr_par' dir='ltr' id='par_1_2' title="bbox 191 474 1299 4240">
     <span class='ocr_line' id='line_1_2' title="bbox 203 474 1296 553; baseline -0.013 -14"><span class='ocrx_word' id='word_1_5' title='bbox 203 487 331 553; x_wconf 84' lang='lat' dir='ltr'><strong>Gymnieo</strong></span> <span class='ocrx_word' id='word_1_6' title='bbox 342 490 368 533; x_wconf 87' lang='lat' dir='ltr'><strong>et</strong></span> <span class='ocrx_word' id='word_1_7' title='bbox 379 483 435 532; x_wconf 86' lang='lat' dir='ltr'><strong>aliis</strong></span> <span class='ocrx_word' id='word_1_8' title='bbox 447 479 516 529; x_wconf 77' lang='lat' dir='ltr'><strong>reris</strong></span> <span class='ocrx_word' id='word_1_9' title='bbox 527 494 591 529; x_wconf 84' lang='lat' dir='ltr'><strong>rnen:</strong></span> <span class='ocrx_word' id='word_1_10' title='bbox 609 493 667 528; x_wconf 86' lang='lat' dir='ltr'><strong>nam</strong></span> <span class='ocrx_word' id='word_1_11' title='bbox 678 492 729 526; x_wconf 80' lang='lat' dir='ltr'><strong>rer·</strong></span> <span class='ocrx_word' id='word_1_12' title='bbox 761 477 843 539; x_wconf 85' lang='lat' dir='ltr'><strong>jurnti</strong></span> <span class='ocrx_word' id='word_1_13' title='bbox 859 491 909 525; x_wconf 88' lang='lat' dir='ltr'><strong>uon</strong></span> <span class='ocrx_word' id='word_1_14' title='bbox 928 477 1009 525; x_wconf 89' lang='lat' dir='ltr'><strong>solnm</strong></span> <span class='ocrx_word' id='word_1_15' title='bbox 1030 476 1141 526; x_wconf 78' lang='lat' dir='ltr'>confessi</span> <span class='ocrx_word' id='word_1_16' title='bbox 1159 483 1240 540; x_wconf 86' lang='lat' dir='ltr'><strong>erant,</strong></span> <span class='ocrx_word' id='word_1_17' title='bbox 1251 474 1296 525; x_wconf 86' lang='lat' dir='ltr'><strong>ned</strong></span> 
     </span>
     <span class='ocr_line' id='line_1_3' title="bbox 204 552 1199 624; baseline -0.012 -10"><span class='ocrx_word' id='word_1_18' title='bbox 204 566 233 614; x_wconf 80' lang='lat' dir='ltr'><strong>in</strong></span> <span class='ocrx_word' id='word_1_19' title='bbox 253 567 279 613; x_wconf 92' lang='lat' dir='ltr'><strong>in</strong></span> <span class='ocrx_word' id='word_1_20' title='bbox 299 573 392 624; x_wconf 76' lang='lat' dir='ltr'><strong>genere</strong></span> <span class='ocrx_word' id='word_1_21' title='bbox 412 557 520 620; x_wconf 88' lang='lat' dir='ltr'><strong>opponit</strong></span> <span class='ocrx_word' id='word_1_22' title='bbox 535 555 583 619; x_wconf 88' lang='lat' dir='ltr'><strong>ipsi</strong></span> <span class='ocrx_word' id='word_1_23' title='bbox 600 555 645 603; x_wconf 89' lang='lat' dir='ltr'><strong>rei.</strong></span> <span class='ocrx_word' id='word_1_24' title='bbox 678 553 729 602; x_wconf 89' lang='lat' dir='ltr'><strong>Sed</strong></span> <span class='ocrx_word' id='word_1_25' title='bbox 766 558 793 602; x_wconf 91' lang='lat' dir='ltr'><strong>et</strong></span> <span class='ocrx_word' id='word_1_26' title='bbox 804 552 952 601; x_wconf 78' lang='lat' dir='ltr'><strong>certissimis</strong></span> <span class='ocrx_word' id='word_1_27' title='bbox 963 552 1066 601; x_wconf 88' lang='lat' dir='ltr'><strong>indiciis</strong></span> <span class='ocrx_word' id='word_1_28' title='bbox 1078 553 1199 603; x_wconf 83' lang='lat' dir='ltr'><strong>convicti.</strong></span> 
     </span>
     <span class='ocr_line' id='line_1_4' title="bbox 203 628 1297 694; baseline -0.011 -5"><span class='ocrx_word' id='word_1_29' title='bbox 203 649 230 690; x_wconf 83' lang='lat' dir='ltr'><strong>et</strong></span> <span class='ocrx_word' id='word_1_30' title='bbox 242 637 384 688; x_wconf 86' lang='lat' dir='ltr'><strong>Badianurn</strong></span> <span class='ocrx_word' id='word_1_31' title='bbox 401 633 534 694; x_wconf 85' lang='lat' dir='ltr'><strong>exemplar</strong></span> <span class='ocrx_word' id='word_1_32' title='bbox 551 632 588 680; x_wconf 91' lang='lat' dir='ltr'><strong>sic</strong></span> <span class='ocrx_word' id='word_1_33' title='bbox 603 630 690 693; x_wconf 84' lang='lat' dir='ltr'><strong>habet,</strong></span> <span class='ocrx_word' id='word_1_34' title='bbox 701 635 729 678; x_wconf 89' lang='lat' dir='ltr'><strong>et</strong></span> <span class='ocrx_word' id='word_1_35' title='bbox 798 630 866 677; x_wconf 84' lang='lat' dir='ltr'><strong>More</strong></span> <span class='ocrx_word' id='word_1_36' title='bbox 876 628 1000 691; x_wconf 79' lang='lat' dir='ltr'><strong>majerum]</strong></span> <span class='ocrx_word' id='word_1_37' title='bbox 1018 628 1165 691; x_wconf 58' lang='lat' dir='ltr'><strong>Annonam</strong></span> <span class='ocrx_word' id='word_1_38' title='bbox 1177 631 1220 678; x_wconf 85' lang='lat' dir='ltr'><strong>lex</strong></span> <span class='ocrx_word' id='word_1_39' title='bbox 1233 628 1297 677; x_wconf 90' lang='lat' dir='ltr'><strong>Por·</strong></span> 
     </span>
     <span class='ocr_line' id='line_1_5' title="bbox 202 704 1294 766; baseline -0.008 -1"><span class='ocrx_word' id='word_1_40' title='bbox 202 712 392 766; x_wconf 85' lang='lat' dir='ltr'><strong>Beroaldinnsn.</strong></span> <span class='ocrx_word' id='word_1_41' title='bbox 426 709 520 757; x_wconf 75' lang='lat' dir='ltr'><strong>Rivius.</strong></span> <span class='ocrx_word' id='word_1_42' title='bbox 766 707 808 756; x_wconf 85' lang='lat' dir='ltr'><strong>cia</strong></span> <span class='ocrx_word' id='word_1_43' title='bbox 822 704 946 756; x_wconf 81' lang='lat' dir='ltr'><strong>terretur:</strong></span> <span class='ocrx_word' id='word_1_44' title='bbox 963 720 1022 754; x_wconf 86' lang='lat' dir='ltr'><strong>narn</strong></span> <span class='ocrx_word' id='word_1_45' title='bbox 1037 707 1078 755; x_wconf 86' lang='lat' dir='ltr'><strong>lex</strong></span> <span class='ocrx_word' id='word_1_46' title='bbox 1097 706 1157 765; x_wconf 82' lang='lat' dir='ltr'><strong>fuit,</strong></span> <span class='ocrx_word' id='word_1_47' title='bbox 1174 714 1203 755; x_wconf 86' lang='lat' dir='ltr'><strong>ut</strong></span> <span class='ocrx_word' id='word_1_48' title='bbox 1224 708 1294 757; x_wconf 81' lang='lat' dir='ltr'><strong>cives</strong></span> 
     </span>
     <span class='ocr_line' id='line_1_6' title="bbox 236 781 1297 845; baseline -0.008 -7"><span class='ocrx_word' id='word_1_49' title='bbox 236 789 341 839; x_wconf 81' lang='lat' dir='ltr'><strong>Catilius</strong></span> <span class='ocrx_word' id='word_1_50' title='bbox 352 803 405 834; x_wconf 84' lang='lat' dir='ltr'><strong>cum</strong></span> <span class='ocrx_word' id='word_1_51' title='bbox 422 785 528 834; x_wconf 77' lang='lat' dir='ltr'><strong>exercitu</strong></span> <span class='ocrx_word' id='word_1_52' title='bbox 538 781 682 844; x_wconf 65' lang='lat' dir='ltr'><strong>insontibus</strong></span> <span class='ocrx_word' id='word_1_53' title='bbox 690 796 730 829; x_wconf 79' lang='lat' dir='ltr'><strong>ur·</strong></span> <span class='ocrx_word' id='word_1_54' title='bbox 767 781 810 845; x_wconf 88' lang='lat' dir='ltr'><strong>qni</strong></span> <span class='ocrx_word' id='word_1_55' title='bbox 821 788 911 830; x_wconf 86' lang='lat' dir='ltr'><strong>contra</strong></span> <span class='ocrx_word' id='word_1_56' title='bbox 929 781 1047 844; x_wconf 83' lang='lat' dir='ltr'><strong>rempub.</strong></span> <span class='ocrx_word' id='word_1_57' title='bbox 1061 782 1196 845; x_wconf 83' lang='lat' dir='ltr'><strong>quicquam</strong></span> <span class='ocrx_word' id='word_1_58' title='bbox 1209 791 1297 845; x_wconf 83' lang='lat' dir='ltr'><strong>patra-</strong></span> 
     </span>
     <span class='ocr_line' id='line_1_7' title="bbox 199 855 1299 931; baseline -0.009 -15"><span class='ocrx_word' id='word_1_59' title='bbox 199 865 254 931; x_wconf 69' lang='grc' dir='ltr'><strong>μί]</strong></span> <span class='ocrx_word' id='word_1_60' title='bbox 272 865 361 914; x_wconf 80' lang='lat' dir='ltr'>Risum</span> <span class='ocrx_word' id='word_1_61' title='bbox 376 862 425 910; x_wconf 83' lang='lat' dir='ltr'><strong>hoc</strong></span> <span class='ocrx_word' id='word_1_62' title='bbox 445 861 501 909; x_wconf 91' lang='lat' dir='ltr'><strong>loco</strong></span> <span class='ocrx_word' id='word_1_63' title='bbox 519 865 654 908; x_wconf 78' lang='lat' dir='ltr'><strong>moverunt</strong></span> <span class='ocrx_word' id='word_1_64' title='bbox 669 855 730 906; x_wconf 83' lang='lat' dir='ltr'><strong>milri</strong></span> <span class='ocrx_word' id='word_1_65' title='bbox 766 856 872 918; x_wconf 76' lang='lat' dir='ltr'><strong>sissent,</strong></span> <span class='ocrx_word' id='word_1_66' title='bbox 883 857 969 919; x_wconf 84' lang='lat' dir='ltr'><strong>capite</strong></span> <span class='ocrx_word' id='word_1_67' title='bbox 979 857 1145 919; x_wconf 77' lang='lat' dir='ltr'>punirentur:</span> <span class='ocrx_word' id='word_1_68' title='bbox 1158 859 1299 906; x_wconf 82' lang='lat' dir='ltr'><strong>sicutBru·</strong></span> 
     </span>
     <span class='ocr_line' id='line_1_8' title="bbox 197 932 1296 1009; baseline -0.006 -18"><span class='ocrx_word' id='word_1_69' title='bbox 197 942 282 1009; x_wconf 88' lang='lat' dir='ltr'><strong>jejuni</strong></span> <span class='ocrx_word' id='word_1_70' title='bbox 309 941 345 988; x_wconf 90' lang='lat' dir='ltr'><strong>illl</strong></span> <span class='ocrx_word' id='word_1_71' title='bbox 372 939 593 987; x_wconf 82' lang='lat' dir='ltr'><strong>Commentatores</strong></span> <span class='ocrx_word' id='word_1_72' title='bbox 615 934 640 981; x_wconf 91' lang='lat' dir='ltr'><strong>in</strong></span> <span class='ocrx_word' id='word_1_73' title='bbox 662 933 729 980; x_wconf 85' lang='lat' dir='ltr'><strong>hunc</strong></span> <span class='ocrx_word' id='word_1_74' title='bbox 766 939 806 981; x_wconf 88' lang='lat' dir='ltr'><strong>tus</strong></span> <span class='ocrx_word' id='word_1_75' title='bbox 817 932 880 981; x_wconf 89' lang='lat' dir='ltr'><strong>duos</strong></span> <span class='ocrx_word' id='word_1_76' title='bbox 897 933 962 981; x_wconf 89' lang='lat' dir='ltr'><strong>lilios</strong></span> <span class='ocrx_word' id='word_1_77' title='bbox 982 933 1061 996; x_wconf 80' lang='lat' dir='ltr'><strong>virgis</strong></span> <span class='ocrx_word' id='word_1_78' title='bbox 1077 935 1152 994; x_wconf 76' lang='lat' dir='ltr'><strong>caesii,</strong></span> <span class='ocrx_word' id='word_1_79' title='bbox 1165 941 1192 982; x_wconf 90' lang='lat' dir='ltr'><strong>et</strong></span> <span class='ocrx_word' id='word_1_80' title='bbox 1210 934 1296 984; x_wconf 85' lang='lat' dir='ltr'><strong>securi</strong></span> 
     </span>
     <span class='ocr_line' id='line_1_9' title="bbox 201 1007 1297 1077; baseline -0.008 -10"><span class='ocrx_word' id='word_1_81' title='bbox 201 1024 348 1067; x_wconf 70' lang='lat' dir='ltr'><strong>auctorem:</strong></span> <span class='ocrx_word' id='word_1_82' title='bbox 367 1026 474 1077; x_wconf 85' lang='lat' dir='ltr'><strong>qrrorum</strong></span> <span class='ocrx_word' id='word_1_83' title='bbox 494 1010 559 1058; x_wconf 77' lang='lat' dir='ltr'><strong>alius</strong></span> <span class='ocrx_word' id='word_1_84' title='bbox 578 1007 728 1071; x_wconf 84' lang='lat' dir='ltr'><strong>exponitis</strong></span> <span class='ocrx_word' id='word_1_85' title='bbox 766 1008 865 1071; x_wconf 87' lang='lat' dir='ltr'><strong>percuti</strong></span> <span class='ocrx_word' id='word_1_86' title='bbox 868 1008 1030 1072; x_wconf 89' lang='lat' dir='ltr'><strong>jussit,quod</strong></span> <span class='ocrx_word' id='word_1_87' title='bbox 1038 1009 1297 1071; x_wconf 75' lang='lat' dir='ltr'><strong>consiliaprodendae.</strong></span> 
     </span>
     <span class='ocr_line' id='line_1_10' title="bbox 194 1083 1298 1153; baseline -0.006 -13"><span class='ocrx_word' id='word_1_88' title='bbox 194 1093 322 1153; x_wconf 48' lang='lat' dir='ltr'><strong>sauciis&amp;</strong></span> <span class='ocrx_word' id='word_1_89' title='bbox 355 1090 465 1149; x_wconf 87' lang='lat' dir='ltr'><strong>scilicet,</strong></span> <span class='ocrx_word' id='word_1_90' title='bbox 495 1088 525 1134; x_wconf 84' lang='lat' dir='ltr'><strong>ud</strong></span> <span class='ocrx_word' id='word_1_91' title='bbox 557 1084 728 1133; x_wconf 73' lang='lat' dir='ltr'><strong>deuorandum:</strong></span> <span class='ocrx_word' id='word_1_92' title='bbox 765 1083 835 1131; x_wconf 84' lang='lat' dir='ltr'><strong>urbis</strong></span> <span class='ocrx_word' id='word_1_93' title='bbox 852 1091 1021 1146; x_wconf 74' lang='lat' dir='ltr'><strong>sumpserant.</strong></span> <span class='ocrx_word' id='word_1_94' title='bbox 1045 1086 1164 1132; x_wconf 84' lang='lat' dir='ltr'><strong>Valerius</strong></span> <span class='ocrx_word' id='word_1_95' title='bbox 1179 1098 1204 1133; x_wconf 91' lang='lat' dir='ltr'><strong>v.</strong></span> <span class='ocrx_word' id='word_1_96' title='bbox 1217 1090 1241 1134; x_wconf 82' lang='lat'><strong>8.</strong></span> <span class='ocrx_word' id='word_1_97' title='bbox 1262 1084 1298 1134; x_wconf 88' lang='lat' dir='ltr'><strong>de</strong></span> 
     </span>
     <span class='ocr_line' id='line_1_11' title="bbox 201 1157 1298 1232; baseline -0.011 -12"><span class='ocrx_word' id='word_1_98' title='bbox 201 1170 277 1232; x_wconf 78' lang='lat' dir='ltr'><strong>alius,</strong></span> <span class='ocrx_word' id='word_1_99' title='bbox 287 1170 312 1218; x_wconf 89' lang='lat' dir='ltr'><strong>in</strong></span> <span class='ocrx_word' id='word_1_100' title='bbox 322 1167 442 1227; x_wconf 76' lang='lat' dir='ltr'><strong>saucibus,</strong></span> <span class='ocrx_word' id='word_1_101' title='bbox 453 1165 477 1212; x_wconf 88' lang='lat' dir='ltr'><strong>id</strong></span> <span class='ocrx_word' id='word_1_102' title='bbox 491 1169 540 1220; x_wconf 84' lang='lat' dir='ltr'><strong>est,</strong></span> <span class='ocrx_word' id='word_1_103' title='bbox 552 1160 651 1209; x_wconf 77' lang='lat' dir='ltr'><strong>introitu</strong></span> <span class='ocrx_word' id='word_1_104' title='bbox 669 1157 727 1205; x_wconf 83' lang='lat' dir='ltr'><strong>riri·</strong></span> <span class='ocrx_word' id='word_1_105' title='bbox 764 1159 903 1208; x_wconf 82' lang='lat' dir='ltr'><strong>severitate</strong></span> <span class='ocrx_word' id='word_1_106' title='bbox 913 1168 1045 1220; x_wconf 87' lang='lat' dir='ltr'><strong>pareutum</strong></span> <span class='ocrx_word' id='word_1_107' title='bbox 1056 1161 1081 1208; x_wconf 91' lang='lat' dir='ltr'><strong>in</strong></span> <span class='ocrx_word' id='word_1_108' title='bbox 1090 1161 1184 1210; x_wconf 88' lang='lat' dir='ltr'><strong>liberos</strong></span> <span class='ocrx_word' id='word_1_109' title='bbox 1194 1178 1200 1208; x_wconf 83' lang='lat' dir='ltr'>z</span> <span class='ocrx_word' id='word_1_110' title='bbox 1212 1162 1219 1187; x_wconf 83' lang='lat'>⁴</span> <span class='ocrx_word' id='word_1_111' title='bbox 1229 1162 1298 1208; x_wconf 87' lang='lat' dir='ltr'><strong>Bru·</strong></span> 
     </span>
     <span class='ocr_line' id='line_1_12' title="bbox 201 1231 1297 1299; baseline -0.009 -5"><span class='ocrx_word' id='word_1_112' title='bbox 201 1244 274 1295; x_wconf 76' lang='lat' dir='ltr'><strong>tutis:</strong></span> <span class='ocrx_word' id='word_1_113' title='bbox 299 1243 401 1297; x_wconf 89' lang='lat' dir='ltr'><strong>tertius,</strong></span> <span class='ocrx_word' id='word_1_114' title='bbox 421 1240 448 1286; x_wconf 88' lang='lat' dir='ltr'><strong>in</strong></span> <span class='ocrx_word' id='word_1_115' title='bbox 460 1236 573 1297; x_wconf 77' lang='lat' dir='ltr'><strong>foecibus</strong></span> <span class='ocrx_word' id='word_1_116' title='bbox 592 1233 679 1293; x_wconf 67' lang='lat' dir='ltr'><strong>ltalia,</strong></span> <span class='ocrx_word' id='word_1_117' title='bbox 700 1231 726 1280; x_wconf 88' lang='lat' dir='ltr'><strong>id</strong></span> <span class='ocrx_word' id='word_1_118' title='bbox 766 1240 807 1281; x_wconf 87' lang='lat' dir='ltr'><strong>tus</strong></span> <span class='ocrx_word' id='word_1_119' title='bbox 820 1248 919 1297; x_wconf 83' lang='lat' dir='ltr'><strong>quoque</strong></span> <span class='ocrx_word' id='word_1_120' title='bbox 939 1236 1018 1296; x_wconf 77' lang='lat' dir='ltr'><strong>gloria</strong></span> <span class='ocrx_word' id='word_1_121' title='bbox 1036 1251 1083 1298; x_wconf 83' lang='lat' dir='ltr'><strong>pur</strong></span> <span class='ocrx_word' id='word_1_122' title='bbox 1102 1236 1212 1285; x_wconf 87' lang='lat' dir='ltr'><strong>Romulo</strong></span> <span class='ocrx_word' id='word_1_123' title='bbox 1224 1235 1297 1299; x_wconf 86' lang='lat' dir='ltr'><strong>(qnia</strong></span> 
     </span>
     <span class='ocr_line' id='line_1_13' title="bbox 201 1308 1297 1383; baseline -0.006 -17"><span class='ocrx_word' id='word_1_124' title='bbox 201 1317 405 1383; x_wconf 56' lang='lat' dir='ltr'><strong>estinsllpihus.</strong></span> <span class='ocrx_word' id='word_1_125' title='bbox 439 1313 558 1361; x_wconf 85' lang='lat' dir='ltr'><strong>Ceterum</strong></span> <span class='ocrx_word' id='word_1_126' title='bbox 577 1321 726 1356; x_wconf 89' lang='lat' dir='ltr'><strong>nonumues</strong></span> <span class='ocrx_word' id='word_1_127' title='bbox 765 1308 808 1356; x_wconf 90' lang='lat' dir='ltr'><strong>illc</strong></span> <span class='ocrx_word' id='word_1_128' title='bbox 821 1309 918 1370; x_wconf 91' lang='lat' dir='ltr'><strong>urbem,</strong></span> <span class='ocrx_word' id='word_1_129' title='bbox 928 1310 970 1357; x_wconf 82' lang='lat' dir='ltr'><strong>liic</strong></span> <span class='ocrx_word' id='word_1_130' title='bbox 983 1311 1131 1359; x_wconf 84' lang='lat' dir='ltr'><strong>libertatem</strong></span> <span class='ocrx_word' id='word_1_131' title='bbox 1147 1311 1222 1360; x_wconf 89' lang='lat' dir='ltr'><strong>Rom.</strong></span> <span class='ocrx_word' id='word_1_132' title='bbox 1236 1324 1297 1359; x_wconf 89' lang='lat' dir='ltr'><strong>cou-</strong></span> 
     </span>
     <span class='ocr_line' id='line_1_14' title="bbox 201 1383 1299 1448; baseline -0.01 -4"><span class='ocrx_word' id='word_1_133' title='bbox 201 1395 305 1444; x_wconf 90' lang='lat' dir='ltr'><strong>codiccs</strong></span> <span class='ocrx_word' id='word_1_134' title='bbox 321 1392 416 1439; x_wconf 83' lang='lat' dir='ltr'><strong>hebent</strong></span> <span class='ocrx_word' id='word_1_135' title='bbox 436 1387 531 1436; x_wconf 71' lang='lat' dir='ltr'><strong>Italic:</strong></span> <span class='ocrx_word' id='word_1_136' title='bbox 548 1385 657 1446; x_wconf 87' lang='lat' dir='ltr'><strong>ideoque</strong></span> <span class='ocrx_word' id='word_1_137' title='bbox 675 1398 727 1430; x_wconf 84' lang='lat' dir='ltr'><strong>ma·</strong></span> <span class='ocrx_word' id='word_1_138' title='bbox 765 1383 844 1448; x_wconf 82' lang='lat' dir='ltr'>didit)</span> <span class='ocrx_word' id='word_1_139' title='bbox 861 1384 926 1433; x_wconf 77' lang='lat' dir='ltr'><strong>filios</strong></span> <span class='ocrx_word' id='word_1_140' title='bbox 946 1400 1005 1434; x_wconf 76' lang='lat' dir='ltr'><strong>siros</strong></span> <span class='ocrx_word' id='word_1_141' title='bbox 1024 1387 1220 1435; x_wconf 84' lang='lat' dir='ltr'><strong>dominationem</strong></span> <span class='ocrx_word' id='word_1_142' title='bbox 1232 1386 1299 1433; x_wconf 85' lang='lat' dir='ltr'><strong>Tar·</strong></span> 
     </span>
     <span class='ocr_line' id='line_1_15' title="bbox 201 1459 1296 1532; baseline -0.005 -17"><span class='ocrx_word' id='word_1_143' title='bbox 201 1471 255 1530; x_wconf 82' lang='lat' dir='ltr'><strong>lim,</strong></span> <span class='ocrx_word' id='word_1_144' title='bbox 279 1467 382 1532; x_wconf 89' lang='lat' dir='ltr'><strong>quaudo</strong></span> <span class='ocrx_word' id='word_1_145' title='bbox 409 1465 456 1512; x_wconf 84' lang='lat' dir='ltr'><strong>hoc</strong></span> <span class='ocrx_word' id='word_1_146' title='bbox 483 1469 597 1522; x_wconf 86' lang='lat' dir='ltr'><strong>tempore</strong></span> <span class='ocrx_word' id='word_1_147' title='bbox 618 1460 728 1508; x_wconf 81' lang='lat' dir='ltr'><strong>Catilina</strong></span> <span class='ocrx_word' id='word_1_148' title='bbox 765 1459 846 1523; x_wconf 90' lang='lat' dir='ltr'><strong>quinil</strong></span> <span class='ocrx_word' id='word_1_149' title='bbox 875 1476 890 1508; x_wconf 82' lang='lat' dir='ltr'><strong>s</strong></span> <span class='ocrx_word' id='word_1_150' title='bbox 917 1475 944 1509; x_wconf 91' lang='lat' dir='ltr'><strong>se</strong></span> <span class='ocrx_word' id='word_1_151' title='bbox 972 1463 1106 1525; x_wconf 74' lang='lat' dir='ltr'><strong>expulsam</strong></span> <span class='ocrx_word' id='word_1_152' title='bbox 1132 1461 1296 1523; x_wconf 80' lang='lat' dir='ltr'><strong>reducentes,</strong></span> 
     </span>
     <span class='ocr_line' id='line_1_16' title="bbox 200 1535 1297 1600; baseline -0.006 -8"><span class='ocrx_word' id='word_1_153' title='bbox 200 1558 257 1593; x_wconf 86' lang='lat' dir='ltr'><strong>eum</strong></span> <span class='ocrx_word' id='word_1_154' title='bbox 269 1541 384 1590; x_wconf 83' lang='lat' dir='ltr'><strong>exercitu</strong></span> <span class='ocrx_word' id='word_1_155' title='bbox 396 1538 421 1585; x_wconf 87' lang='lat' dir='ltr'><strong>in</strong></span> <span class='ocrx_word' id='word_1_156' title='bbox 434 1535 558 1585; x_wconf 86' lang='lat' dir='ltr'><strong>Hetrurin</strong></span> <span class='ocrx_word' id='word_1_157' title='bbox 572 1542 637 1596; x_wconf 83' lang='lat' dir='ltr'><strong>erut,</strong></span> <span class='ocrx_word' id='word_1_158' title='bbox 648 1549 727 1596; x_wconf 89' lang='lat' dir='ltr'><strong>cxpo·</strong></span> <span class='ocrx_word' id='word_1_159' title='bbox 765 1551 889 1584; x_wconf 87' lang='lat' dir='ltr'><strong>summum</strong></span> <span class='ocrx_word' id='word_1_160' title='bbox 902 1536 1036 1600; x_wconf 77' lang='lat' dir='ltr'><strong>imperium</strong></span> <span class='ocrx_word' id='word_1_161' title='bbox 1044 1538 1172 1599; x_wconf 87' lang='lat' dir='ltr'><strong>obtinens,</strong></span> <span class='ocrx_word' id='word_1_162' title='bbox 1183 1551 1297 1600; x_wconf 91' lang='lat' dir='ltr'><strong>compre·</strong></span> 
     </span>
     <span class='ocr_line' id='line_1_17' title="bbox 199 1610 1298 1677; baseline -0.006 -11"><span class='ocrx_word' id='word_1_163' title='bbox 199 1633 271 1677; x_wconf 87' lang='lat' dir='ltr'><strong>nere,</strong></span> <span class='ocrx_word' id='word_1_164' title='bbox 285 1617 310 1664; x_wconf 87' lang='lat' dir='ltr'><strong>in</strong></span> <span class='ocrx_word' id='word_1_165' title='bbox 323 1614 436 1674; x_wconf 79' lang='lat' dir='ltr'><strong>saucibus</strong></span> <span class='ocrx_word' id='word_1_166' title='bbox 454 1611 583 1675; x_wconf 78' lang='lat' dir='ltr'><strong>Apennini,</strong></span> <span class='ocrx_word' id='word_1_167' title='bbox 595 1624 654 1675; x_wconf 81' lang='lat' dir='ltr'><strong>quae</strong></span> <span class='ocrx_word' id='word_1_168' title='bbox 665 1610 728 1673; x_wconf 69' lang='lat' dir='ltr'><strong>ipsu</strong></span> <span class='ocrx_word' id='word_1_169' title='bbox 765 1613 866 1673; x_wconf 86' lang='lat' dir='ltr'><strong>hensos,</strong></span> <span class='ocrx_word' id='word_1_170' title='bbox 875 1625 973 1677; x_wconf 87' lang='lat' dir='ltr'><strong>proque</strong></span> <span class='ocrx_word' id='word_1_171' title='bbox 985 1613 1108 1662; x_wconf 85' lang='lat' dir='ltr'><strong>tribunali</strong></span> <span class='ocrx_word' id='word_1_172' title='bbox 1117 1612 1198 1676; x_wconf 80' lang='lat' dir='ltr'><strong>virgis</strong></span> <span class='ocrx_word' id='word_1_173' title='bbox 1208 1626 1298 1671; x_wconf 75' lang='lat' dir='ltr'><strong>cusos,</strong></span> 
     </span>
     <span class='ocr_line' id='line_1_18' title="bbox 199 1687 1297 1751; baseline -0.006 -9"><span class='ocrx_word' id='word_1_174' title='bbox 199 1689 460 1742; x_wconf 82' lang='lat' dir='ltr'><strong>tamensuntltnliae.</strong></span> <span class='ocrx_word' id='word_1_175' title='bbox 496 1687 637 1735; x_wconf 69' lang='lat' dir='ltr'><strong>curemus.</strong></span> <span class='ocrx_word' id='word_1_176' title='bbox 664 1693 673 1720; x_wconf 71' lang='lat'>²</span> <span class='ocrx_word' id='word_1_177' title='bbox 766 1687 836 1736; x_wconf 88' lang='lat' dir='ltr'><strong>etad</strong></span> <span class='ocrx_word' id='word_1_178' title='bbox 853 1689 938 1751; x_wconf 88' lang='lat' dir='ltr'><strong>palum</strong></span> <span class='ocrx_word' id='word_1_179' title='bbox 955 1689 1087 1750; x_wconf 85' lang='lat' dir='ltr'><strong>religatos,</strong></span> <span class='ocrx_word' id='word_1_180' title='bbox 1100 1688 1183 1736; x_wconf 89' lang='lat' dir='ltr'><strong>securi</strong></span> <span class='ocrx_word' id='word_1_181' title='bbox 1196 1687 1297 1749; x_wconf 88' lang='lat' dir='ltr'><strong>percuti</strong></span> 
     </span>
     <span class='ocr_line' id='line_1_19' title="bbox 232 1760 1297 1828; baseline -0.004 -13"><span class='ocrx_word' id='word_1_182' title='bbox 232 1767 329 1828; x_wconf 72' lang='lat' dir='ltr'><strong>Parasi,</strong></span> <span class='ocrx_word' id='word_1_183' title='bbox 347 1780 417 1827; x_wconf 75' lang='lat' dir='ltr'><strong>neque</strong></span> <span class='ocrx_word' id='word_1_184' title='bbox 431 1762 531 1824; x_wconf 78' lang='lat' dir='ltr'><strong>romuli]</strong></span> <span class='ocrx_word' id='word_1_185' title='bbox 548 1762 614 1811; x_wconf 87' lang='lat' dir='ltr'><strong>Nam</strong></span> <span class='ocrx_word' id='word_1_186' title='bbox 633 1760 728 1824; x_wconf 86' lang='lat' dir='ltr'><strong>siquid</strong></span> <span class='ocrx_word' id='word_1_187' title='bbox 760 1762 852 1825; x_wconf 86' lang='lat' dir='ltr'><strong>jussit:</strong></span> <span class='ocrx_word' id='word_1_188' title='bbox 871 1771 899 1812; x_wconf 90' lang='lat' dir='ltr'><strong>et</strong></span> <span class='ocrx_word' id='word_1_189' title='bbox 911 1770 997 1826; x_wconf 87' lang='lat' dir='ltr'><strong>pater,</strong></span> <span class='ocrx_word' id='word_1_190' title='bbox 1009 1772 1038 1812; x_wconf 93' lang='lat' dir='ltr'><strong>ut</strong></span> <span class='ocrx_word' id='word_1_191' title='bbox 1051 1764 1181 1812; x_wconf 89' lang='lat' dir='ltr'><strong>consulem</strong></span> <span class='ocrx_word' id='word_1_192' title='bbox 1196 1769 1297 1825; x_wconf 80' lang='lat' dir='ltr'><strong>egeret,</strong></span> 
     </span>
     <span class='ocr_line' id='line_1_20' title="bbox 198 1839 1297 1904; baseline -0.005 -11"><span class='ocrx_word' id='word_1_193' title='bbox 198 1843 301 1893; x_wconf 80' lang='lat' dir='ltr'><strong>occulte</strong></span> <span class='ocrx_word' id='word_1_194' title='bbox 321 1840 407 1891; x_wconf 72' lang='lat' dir='ltr'><strong>lacere</strong></span> <span class='ocrx_word' id='word_1_195' title='bbox 428 1840 592 1898; x_wconf 87' lang='lat' dir='ltr'><strong>voluerimus,</strong></span> <span class='ocrx_word' id='word_1_196' title='bbox 607 1839 728 1886; x_wconf 85' lang='lat' dir='ltr'><strong>continuo</strong></span> <span class='ocrx_word' id='word_1_197' title='bbox 765 1839 842 1888; x_wconf 88' lang='lat' dir='ltr'><strong>orbus</strong></span> <span class='ocrx_word' id='word_1_198' title='bbox 854 1840 950 1901; x_wconf 86' lang='lat' dir='ltr'><strong>vivere,</strong></span> <span class='ocrx_word' id='word_1_199' title='bbox 962 1855 1038 1904; x_wconf 86' lang='lat' dir='ltr'><strong>quam</strong></span> <span class='ocrx_word' id='word_1_200' title='bbox 1052 1840 1163 1904; x_wconf 79' lang='lat' dir='ltr'><strong>publicae</strong></span> <span class='ocrx_word' id='word_1_201' title='bbox 1176 1839 1297 1888; x_wconf 77' lang='lat' dir='ltr'><strong>vindictae</strong></span> 
     </span>
     <span class='ocr_line' id='line_1_21' title="bbox 198 1913 1072 1981; baseline -0.003 -14"><span class='ocrx_word' id='word_1_202' title='bbox 198 1918 373 1981; x_wconf 85' lang='lat' dir='ltr'><strong>conjuratores</strong></span> <span class='ocrx_word' id='word_1_203' title='bbox 394 1917 419 1964; x_wconf 91' lang='lat' dir='ltr'><strong>in</strong></span> <span class='ocrx_word' id='word_1_204' title='bbox 438 1915 502 1963; x_wconf 76' lang='lat' dir='ltr'><strong>trube</strong></span> <span class='ocrx_word' id='word_1_205' title='bbox 521 1921 590 1974; x_wconf 87' lang='lat' dir='ltr'><strong>sunt,</strong></span> <span class='ocrx_word' id='word_1_206' title='bbox 607 1913 650 1975; x_wconf 89' lang='lat' dir='ltr'><strong>qui</strong></span> <span class='ocrx_word' id='word_1_207' title='bbox 670 1927 729 1961; x_wconf 87' lang='lat' dir='ltr'><strong>con·</strong></span> <span class='ocrx_word' id='word_1_208' title='bbox 765 1914 855 1963; x_wconf 86' lang='lat' dir='ltr'><strong>deesse</strong></span> <span class='ocrx_word' id='word_1_209' title='bbox 868 1915 974 1965; x_wconf 80' lang='lat' dir='ltr'><strong>maluit&#39;</strong></span> <span class='ocrx_word' id='word_1_210' title='bbox 1012 1916 1072 1964; x_wconf 73' lang='lat' dir='ltr'><strong>Vsu.</strong></span> 
     </span>
     <span class='ocr_line' id='line_1_22' title="bbox 199 1987 1297 2055; baseline -0.002 -14"><span class='ocrx_word' id='word_1_211' title='bbox 199 1992 257 2041; x_wconf 89' lang='lat' dir='ltr'><strong>silia</strong></span> <span class='ocrx_word' id='word_1_212' title='bbox 273 1999 362 2041; x_wconf 85' lang='lat' dir='ltr'><strong>nostra</strong></span> <span class='ocrx_word' id='word_1_213' title='bbox 381 1992 464 2053; x_wconf 86' lang='lat' dir='ltr'><strong>palam</strong></span> <span class='ocrx_word' id='word_1_214' title='bbox 484 1989 578 2037; x_wconf 83' lang='lat' dir='ltr'><strong>faciant</strong></span> <span class='ocrx_word' id='word_1_215' title='bbox 599 1987 727 2036; x_wconf 85' lang='lat' dir='ltr'><strong>Catilluae.</strong></span> <span class='ocrx_word' id='word_1_216' title='bbox 798 1990 864 2037; x_wconf 72' lang='lat' dir='ltr'><strong>Cur.</strong></span> <span class='ocrx_word' id='word_1_217' title='bbox 877 1995 908 2038; x_wconf 75' lang='lat'><strong>5³</strong></span> <span class='ocrx_word' id='word_1_218' title='bbox 930 1990 1032 2038; x_wconf 78' lang='lat' dir='ltr'><strong>Senatus</strong></span> <span class='ocrx_word' id='word_1_219' title='bbox 1049 1993 1168 2039; x_wconf 83' lang='lat' dir='ltr'><strong>decretum</strong></span> <span class='ocrx_word' id='word_1_220' title='bbox 1180 1990 1297 2055; x_wconf 55' lang='lat' dir='ltr'><strong>flurium</strong></span> 
     </span>
     <span class='ocr_line' id='line_1_23' title="bbox 203 2062 1297 2127; baseline 0.003 -19"><span class='ocrx_word' id='word_1_221' title='bbox 203 2067 264 2117; x_wconf 71' lang='lat' dir='ltr'><strong>Van,</strong></span> <span class='ocrx_word' id='word_1_222' title='bbox 765 2062 946 2125; x_wconf 81' lang='lat' dir='ltr'><strong>illecensuerot]</strong></span> <span class='ocrx_word' id='word_1_223' title='bbox 957 2064 1098 2127; x_wconf 83' lang='lat' dir='ltr'><strong>Exemplar</strong></span> <span class='ocrx_word' id='word_1_224' title='bbox 1106 2064 1297 2127; x_wconf 86' lang='lat' dir='ltr'><strong>Fabricianum,</strong></span> 
     </span>
     <span class='ocr_line' id='line_1_24' title="bbox 233 2136 1297 2201; baseline -0.001 -10"><span class='ocrx_word' id='word_1_225' title='bbox 233 2144 316 2198; x_wconf 82' lang='lat' dir='ltr'><strong>Quare</strong></span> <span class='ocrx_word' id='word_1_226' title='bbox 335 2143 371 2190; x_wconf 85' lang='lat' dir='ltr'><strong>ito</strong></span> <span class='ocrx_word' id='word_1_227' title='bbox 386 2139 476 2201; x_wconf 85' lang='lat' dir='ltr'><strong>censeo]</strong></span> <span class='ocrx_word' id='word_1_228' title='bbox 493 2139 525 2187; x_wconf 92' lang='lat' dir='ltr'><strong>Iu</strong></span> <span class='ocrx_word' id='word_1_229' title='bbox 546 2136 728 2199; x_wconf 83' lang='lat' dir='ltr'><strong>manuscriptis</strong></span> <span class='ocrx_word' id='word_1_230' title='bbox 764 2139 837 2186; x_wconf 81' lang='lat' dir='ltr'><strong>siesti</strong></span> <span class='ocrx_word' id='word_1_231' title='bbox 854 2140 896 2188; x_wconf 80' lang='lat' dir='ltr'><strong>itte</strong></span> <span class='ocrx_word' id='word_1_232' title='bbox 914 2146 1046 2189; x_wconf 70' lang='lat' dir='ltr'><strong>rennueret:</strong></span> <span class='ocrx_word' id='word_1_233' title='bbox 1063 2142 1107 2190; x_wconf 88' lang='lat' dir='ltr'><strong>sed</strong></span> <span class='ocrx_word' id='word_1_234' title='bbox 1127 2148 1155 2189; x_wconf 92' lang='lat' dir='ltr'><strong>et</strong></span> <span class='ocrx_word' id='word_1_235' title='bbox 1174 2155 1245 2189; x_wconf 78' lang='lat' dir='ltr'><strong>eraso</strong></span> <span class='ocrx_word' id='word_1_236' title='bbox 1261 2141 1297 2190; x_wconf 89' lang='lat' dir='ltr'><strong>ibi</strong></span> 
     </span>
     <span class='ocr_line' id='line_1_25' title="bbox 200 2212 1298 2280; baseline -0.002 -14"><span class='ocrx_word' id='word_1_237' title='bbox 200 2218 304 2267; x_wconf 84' lang='lat' dir='ltr'><strong>additur</strong></span> <span class='ocrx_word' id='word_1_238' title='bbox 322 2233 373 2280; x_wconf 76' lang='lat' dir='ltr'><strong>ego,</strong></span> <span class='ocrx_word' id='word_1_239' title='bbox 395 2216 462 2264; x_wconf 74' lang='lat' dir='ltr'><strong>haurd</strong></span> <span class='ocrx_word' id='word_1_240' title='bbox 481 2216 558 2276; x_wconf 82' lang='lat' dir='ltr'><strong>male,</strong></span> <span class='ocrx_word' id='word_1_241' title='bbox 578 2219 607 2262; x_wconf 91' lang='lat' dir='ltr'><strong>ut</strong></span> <span class='ocrx_word' id='word_1_242' title='bbox 629 2212 727 2276; x_wconf 87' lang='lat' dir='ltr'><strong>opinor.</strong></span> <span class='ocrx_word' id='word_1_243' title='bbox 765 2214 870 2262; x_wconf 86' lang='lat' dir='ltr'><strong>cultello</strong></span> <span class='ocrx_word' id='word_1_244' title='bbox 882 2225 939 2265; x_wconf 78' lang='lat' dir='ltr'><strong>eret</strong></span> <span class='ocrx_word' id='word_1_245' title='bbox 950 2216 1038 2265; x_wconf 91' lang='lat' dir='ltr'><strong>ultima</strong></span> <span class='ocrx_word' id='word_1_246' title='bbox 1050 2219 1164 2273; x_wconf 89' lang='lat' dir='ltr'><strong>insennt;</strong></span> <span class='ocrx_word' id='word_1_247' title='bbox 1177 2224 1204 2265; x_wconf 92' lang='lat' dir='ltr'><strong>ut</strong></span> <span class='ocrx_word' id='word_1_248' title='bbox 1216 2217 1298 2279; x_wconf 90' lang='lat' dir='ltr'><strong>suspi-</strong></span> 
     </span>
     <span class='ocr_line' id='line_1_26' title="bbox 200 2289 1297 2356; baseline 0.008 -25"><span class='ocrx_word' id='word_1_249' title='bbox 200 2295 294 2345; x_wconf 50' lang='grc' dir='ltr'><strong>ΗΜ,</strong></span> <span class='ocrx_word' id='word_1_250' title='bbox 431 2327 434 2334; x_wconf 95' lang='grc'>.</span> <span class='ocrx_word' id='word_1_251' title='bbox 765 2302 811 2336; x_wconf 89' lang='lat' dir='ltr'><strong>cer</strong></span> <span class='ocrx_word' id='word_1_252' title='bbox 827 2289 862 2337; x_wconf 88' lang='lat' dir='ltr'><strong>ibi</strong></span> <span class='ocrx_word' id='word_1_253' title='bbox 883 2289 961 2340; x_wconf 87' lang='lat' dir='ltr'><strong>fuisse</strong></span> <span class='ocrx_word' id='word_1_254' title='bbox 983 2294 1060 2340; x_wconf 81' lang='lat' dir='ltr'><strong>senati</strong></span> <span class='ocrx_word' id='word_1_255' title='bbox 1077 2296 1210 2342; x_wconf 81' lang='lat' dir='ltr'><strong>decretum:</strong></span> <span class='ocrx_word' id='word_1_256' title='bbox 1235 2306 1297 2356; x_wconf 91' lang='lat' dir='ltr'><strong>quo·</strong></span> 
     </span>
     <span class='ocr_line' id='line_1_27' title="bbox 233 2364 1297 2429; baseline 0 -12"><span class='ocrx_word' id='word_1_257' title='bbox 233 2371 313 2425; x_wconf 79' lang='lat' dir='ltr'><strong>Quare</strong></span> <span class='ocrx_word' id='word_1_258' title='bbox 323 2370 358 2417; x_wconf 86' lang='lat' dir='ltr'><strong>ito</strong></span> <span class='ocrx_word' id='word_1_259' title='bbox 369 2367 458 2429; x_wconf 81' lang='lat' dir='ltr'><strong>censeo]</strong></span> <span class='ocrx_word' id='word_1_260' title='bbox 475 2367 540 2415; x_wconf 87' lang='lat' dir='ltr'><strong>Mss.</strong></span> <span class='ocrx_word' id='word_1_261' title='bbox 559 2364 685 2429; x_wconf 86' lang='lat' dir='ltr'><strong>plerique,</strong></span> <span class='ocrx_word' id='word_1_262' title='bbox 699 2368 728 2412; x_wconf 92' lang='lat' dir='ltr'><strong>ut</strong></span> <span class='ocrx_word' id='word_1_263' title='bbox 764 2365 840 2413; x_wconf 88' lang='lat' dir='ltr'><strong>ruodo</strong></span> <span class='ocrx_word' id='word_1_264' title='bbox 852 2372 879 2414; x_wconf 89' lang='lat' dir='ltr'><strong>et</strong></span> <span class='ocrx_word' id='word_1_265' title='bbox 891 2368 953 2415; x_wconf 84' lang='lat' dir='ltr'><strong>alias</strong></span> <span class='ocrx_word' id='word_1_266' title='bbox 966 2366 1021 2417; x_wconf 83' lang='lat' dir='ltr'><strong>ferc</strong></span> <span class='ocrx_word' id='word_1_267' title='bbox 1033 2369 1178 2418; x_wconf 86' lang='lat' dir='ltr'><strong>Sallustius.</strong></span> <span class='ocrx_word' id='word_1_268' title='bbox 1201 2368 1297 2417; x_wconf 89' lang='lat' dir='ltr'><strong>Prisci·</strong></span> 
     </span>
     <span class='ocr_line' id='line_1_28' title="bbox 200 2432 1296 2506; baseline -0.002 -13"><span class='ocrx_word' id='word_1_269' title='bbox 200 2449 228 2493; x_wconf 88' lang='lat' dir='ltr'><strong>et</strong></span> <span class='ocrx_word' id='word_1_270' title='bbox 239 2449 304 2493; x_wconf 83' lang='lat' dir='ltr'><strong>vett.</strong></span> <span class='ocrx_word' id='word_1_271' title='bbox 316 2444 374 2492; x_wconf 75' lang='lat' dir='ltr'><strong>edd.</strong></span> <span class='ocrx_word' id='word_1_272' title='bbox 387 2444 494 2492; x_wconf 82' lang='lat' dir='ltr'><strong>adtexta</strong></span> <span class='ocrx_word' id='word_1_273' title='bbox 508 2442 666 2504; x_wconf 87' lang='lat' dir='ltr'><strong>pronomine,</strong></span> <span class='ocrx_word' id='word_1_274' title='bbox 676 2455 728 2488; x_wconf 84' lang='lat' dir='ltr'><strong>cen·</strong></span> <span class='ocrx_word' id='word_1_275' title='bbox 765 2454 828 2488; x_wconf 84' lang='lat' dir='ltr'><strong>anus</strong></span> <span class='ocrx_word' id='word_1_276' title='bbox 845 2432 948 2504; x_wconf 79' lang='lat' dir='ltr'><strong>quidem</strong></span> <span class='ocrx_word' id='word_1_277' title='bbox 966 2449 1037 2492; x_wconf 84' lang='lat' dir='ltr'><strong>certe</strong></span> <span class='ocrx_word' id='word_1_278' title='bbox 1057 2444 1098 2492; x_wconf 88' lang='lat' dir='ltr'><strong>hic</strong></span> <span class='ocrx_word' id='word_1_279' title='bbox 1118 2444 1189 2506; x_wconf 81' lang='lat' dir='ltr'><strong>legit,</strong></span> <span class='ocrx_word' id='word_1_280' title='bbox 1209 2443 1296 2504; x_wconf 78' lang='lat' dir='ltr'><strong>senati,</strong></span> 
     </span>
     <span class='ocr_line' id='line_1_29' title="bbox 196 2516 1294 2585; baseline 0.002 -18"><span class='ocrx_word' id='word_1_281' title='bbox 196 2534 304 2580; x_wconf 64' lang='lat' dir='ltr'><strong>seoege,</strong></span> <span class='ocrx_word' id='word_1_282' title='bbox 321 2520 475 2581; x_wconf 78' lang='lat' dir='ltr'><strong>glossemate</strong></span> <span class='ocrx_word' id='word_1_283' title='bbox 488 2516 676 2565; x_wconf 78' lang='lat' dir='ltr'><strong>manifestatio:</strong></span> <span class='ocrx_word' id='word_1_284' title='bbox 695 2530 727 2564; x_wconf 85' lang='lat' dir='ltr'><strong>ne</strong></span> <span class='ocrx_word' id='word_1_285' title='bbox 766 2525 794 2565; x_wconf 90' lang='lat' dir='ltr'><strong>ut</strong></span> <span class='ocrx_word' id='word_1_286' title='bbox 816 2519 851 2566; x_wconf 88' lang='lat' dir='ltr'><strong>sit</strong></span> <span class='ocrx_word' id='word_1_287' title='bbox 879 2520 1006 2582; x_wconf 81' lang='lat' dir='ltr'><strong>genitivus</strong></span> <span class='ocrx_word' id='word_1_288' title='bbox 1029 2521 1156 2585; x_wconf 85' lang='lat' dir='ltr'><strong>antiquus.</strong></span> <span class='ocrx_word' id='word_1_289' title='bbox 1196 2521 1294 2570; x_wconf 86' lang='lat' dir='ltr'><strong>Eodem</strong></span> 
     </span>
     <span class='ocr_line' id='line_1_30' title="bbox 199 2591 1297 2661; baseline 0.003 -19"><span class='ocrx_word' id='word_1_290' title='bbox 199 2596 255 2657; x_wconf 83' lang='lat' dir='ltr'><strong>qrris</strong></span> <span class='ocrx_word' id='word_1_291' title='bbox 274 2594 341 2644; x_wconf 81' lang='lat' dir='ltr'><strong>forte</strong></span> <span class='ocrx_word' id='word_1_292' title='bbox 363 2595 419 2642; x_wconf 92' lang='lat' dir='ltr'><strong>loco</strong></span> <span class='ocrx_word' id='word_1_293' title='bbox 439 2592 591 2641; x_wconf 86' lang='lat' dir='ltr'><strong>medendum</strong></span> <span class='ocrx_word' id='word_1_294' title='bbox 612 2598 727 2650; x_wconf 83' lang='lat' dir='ltr'><strong>censeat,</strong></span> <span class='ocrx_word' id='word_1_295' title='bbox 765 2591 841 2640; x_wconf 90' lang='lat' dir='ltr'><strong>modo</strong></span> <span class='ocrx_word' id='word_1_296' title='bbox 854 2593 970 2643; x_wconf 85' lang='lat' dir='ltr'><strong>Donatus</strong></span> <span class='ocrx_word' id='word_1_297' title='bbox 983 2595 1008 2642; x_wconf 90' lang='lat' dir='ltr'><strong>in</strong></span> <span class='ocrx_word' id='word_1_298' title='bbox 1027 2596 1156 2659; x_wconf 72' lang='lat' dir='ltr'><strong>Hecyram</strong></span> <span class='ocrx_word' id='word_1_299' title='bbox 1167 2597 1297 2661; x_wconf 73' lang='lat' dir='ltr'><strong>Terentii,</strong></span> 
     </span>
     <span class='ocr_line' id='line_1_31' title="bbox 199 2666 1296 2730; baseline 0.004 -14"><span class='ocrx_word' id='word_1_300' title='bbox 199 2669 633 2730; x_wconf 78' lang='lat' dir='ltr'><strong>transposit11,qunreitoegocensco.</strong></span> <span class='ocrx_word' id='word_1_301' title='bbox 651 2666 727 2713; x_wconf 87' lang='lat' dir='ltr'><strong>Grut.</strong></span> <span class='ocrx_word' id='word_1_302' title='bbox 765 2666 808 2715; x_wconf 88' lang='lat' dir='ltr'><strong>ubi</strong></span> <span class='ocrx_word' id='word_1_303' title='bbox 821 2668 929 2716; x_wconf 85' lang='lat' dir='ltr'><strong>adnotat</strong></span> <span class='ocrx_word' id='word_1_304' title='bbox 941 2676 1042 2718; x_wconf 85' lang='lat' dir='ltr'><strong>veteres</strong></span> <span class='ocrx_word' id='word_1_305' title='bbox 1059 2672 1156 2719; x_wconf 86' lang='lat' dir='ltr'><strong>tumulti</strong></span> <span class='ocrx_word' id='word_1_306' title='bbox 1173 2679 1201 2720; x_wconf 89' lang='lat' dir='ltr'><strong>et</strong></span> <span class='ocrx_word' id='word_1_307' title='bbox 1219 2673 1296 2720; x_wconf 82' lang='lat' dir='ltr'><strong>renuti</strong></span> 
     </span>
     <span class='ocr_line' id='line_1_32' title="bbox 232 2740 1294 2809; baseline 0.008 -21"><span class='ocrx_word' id='word_1_308' title='bbox 232 2743 333 2800; x_wconf 77' lang='lat' dir='ltr'><strong>ll&#39;esorio</strong></span> <span class='ocrx_word' id='word_1_309' title='bbox 353 2742 460 2802; x_wconf 84' lang='lat' dir='ltr'><strong>consilio]</strong></span> <span class='ocrx_word' id='word_1_310' title='bbox 483 2741 626 2787; x_wconf 84' lang='lat' dir='ltr'><strong>Pedianus:</strong></span> <span class='ocrx_word' id='word_1_311' title='bbox 653 2740 727 2787; x_wconf 84' lang='lat' dir='ltr'><strong>‘Ne·</strong></span> <span class='ocrx_word' id='word_1_312' title='bbox 764 2741 852 2790; x_wconf 91' lang='lat' dir='ltr'><strong>dicere</strong></span> <span class='ocrx_word' id='word_1_313' title='bbox 863 2743 960 2791; x_wconf 86' lang='lat' dir='ltr'><strong>solitos.</strong></span> <span class='ocrx_word' id='word_1_314' title='bbox 995 2745 1036 2793; x_wconf 90' lang='lat' dir='ltr'><strong>Sic</strong></span> <span class='ocrx_word' id='word_1_315' title='bbox 1054 2761 1131 2809; x_wconf 83' lang='lat' dir='ltr'><strong>supra</strong></span> <span class='ocrx_word' id='word_1_316' title='bbox 1142 2748 1294 2797; x_wconf 82' lang='lat' dir='ltr'><strong>Sallustius:</strong></span> 
     </span>
     <span class='ocr_line' id='line_1_33' title="bbox 197 2811 1296 2878; baseline 0.005 -13"><span class='ocrx_word' id='word_1_317' title='bbox 197 2814 318 2876; x_wconf 82' lang='lat' dir='ltr'><strong>seudum,’</strong></span> <span class='ocrx_word' id='word_1_318' title='bbox 334 2816 427 2878; x_wconf 85' lang='lat' dir='ltr'><strong>inquit,</strong></span> <span class='ocrx_word' id='word_1_319' title='bbox 447 2816 515 2874; x_wconf 88' lang='lat' dir='ltr'><strong>‘est‚</strong></span> <span class='ocrx_word' id='word_1_320' title='bbox 533 2827 583 2860; x_wconf 92' lang='lat' dir='ltr'><strong>non</strong></span> <span class='ocrx_word' id='word_1_321' title='bbox 604 2811 725 2860; x_wconf 81' lang='lat' dir='ltr'><strong>fandum:</strong></span> <span class='ocrx_word' id='word_1_322' title='bbox 764 2815 868 2876; x_wconf 79' lang='lat' dir='ltr'><strong>‘igitur</strong></span> <span class='ocrx_word' id='word_1_323' title='bbox 891 2819 974 2865; x_wconf 86' lang='lat' dir='ltr'><strong>senati</strong></span> <span class='ocrx_word' id='word_1_324' title='bbox 996 2818 1102 2869; x_wconf 83' lang='lat' dir='ltr'><strong>decreto</strong></span> <span class='ocrx_word' id='word_1_325' title='bbox 1127 2824 1160 2872; x_wconf 84' lang='lat' dir='ltr'><strong>Q,</strong></span> <span class='ocrx_word' id='word_1_326' title='bbox 1183 2823 1296 2870; x_wconf 83' lang='lat' dir='ltr'><strong>Marcius</strong></span> 
     </span>
     <span class='ocr_line' id='line_1_34' title="bbox 197 2886 1294 2959; baseline 0.005 -20"><span class='ocrx_word' id='word_1_327' title='bbox 197 2890 333 2951; x_wconf 85' lang='lat' dir='ltr'><strong>nefarium,</strong></span> <span class='ocrx_word' id='word_1_328' title='bbox 352 2890 420 2952; x_wconf 85' lang='lat' dir='ltr'><strong>qrsod</strong></span> <span class='ocrx_word' id='word_1_329' title='bbox 441 2888 533 2951; x_wconf 90' lang='lat' dir='ltr'><strong>polluit</strong></span> <span class='ocrx_word' id='word_1_330' title='bbox 553 2903 634 2949; x_wconf 86' lang='lat' dir='ltr'><strong>sacra,</strong></span> <span class='ocrx_word' id='word_1_331' title='bbox 659 2886 726 2935; x_wconf 78' lang='lat' dir='ltr'><strong>iissre</strong></span> <span class='ocrx_word' id='word_1_332' title='bbox 764 2889 838 2949; x_wconf 83' lang='lat' dir='ltr'><strong>Rex‚&#39;</strong></span> <span class='ocrx_word' id='word_1_333' title='bbox 855 2891 904 2936; x_wconf 77' lang='lat' dir='ltr'><strong>&amp;c</strong></span> <span class='ocrx_word' id='word_1_334' title='bbox 925 2907 971 2952; x_wconf 85' lang='lat' dir='ltr'><strong>pro</strong></span> <span class='ocrx_word' id='word_1_335' title='bbox 992 2900 1090 2942; x_wconf 76' lang='lat' dir='ltr'><strong>sumtus</strong></span> <span class='ocrx_word' id='word_1_336' title='bbox 1104 2897 1204 2957; x_wconf 85' lang='lat' dir='ltr'><strong>decreto,</strong></span> <span class='ocrx_word' id='word_1_337' title='bbox 1225 2897 1294 2959; x_wconf 88' lang='lat' dir='ltr'><strong>quod</strong></span> 
     </span>
     <span class='ocr_line' id='line_1_35' title="bbox 198 2963 1294 3028; baseline 0.005 -15"><span class='ocrx_word' id='word_1_338' title='bbox 198 2965 242 3028; x_wconf 90' lang='lat' dir='ltr'><strong>pio</strong></span> <span class='ocrx_word' id='word_1_339' title='bbox 254 2966 329 3014; x_wconf 82' lang='lat' dir='ltr'><strong>solita</strong></span> <span class='ocrx_word' id='word_1_340' title='bbox 341 2964 477 3013; x_wconf 86' lang='lat' dir='ltr'><strong>celebrari.</strong></span> <span class='ocrx_word' id='word_1_341' title='bbox 497 2977 559 3026; x_wconf 87' lang='lat' dir='ltr'><strong>ergo</strong></span> <span class='ocrx_word' id='word_1_342' title='bbox 576 2963 676 3025; x_wconf 84' lang='lat' dir='ltr'><strong>nefarii,</strong></span> <span class='ocrx_word' id='word_1_343' title='bbox 688 2977 726 3010; x_wconf 92' lang='lat' dir='ltr'><strong>sa·</strong></span> <span class='ocrx_word' id='word_1_344' title='bbox 763 2964 844 3027; x_wconf 80' lang='lat' dir='ltr'><strong>ipsunt</strong></span> <span class='ocrx_word' id='word_1_345' title='bbox 867 2973 896 3013; x_wconf 88' lang='lat' dir='ltr'><strong>et</strong></span> <span class='ocrx_word' id='word_1_346' title='bbox 916 2967 1016 3016; x_wconf 89' lang='lat' dir='ltr'><strong>Nouius</strong></span> <span class='ocrx_word' id='word_1_347' title='bbox 1038 2968 1192 3018; x_wconf 83' lang='lat' dir='ltr'><strong>observarit.</strong></span> <span class='ocrx_word' id='word_1_348' title='bbox 1226 2971 1294 3019; x_wconf 86' lang='lat' dir='ltr'><strong>Illud</strong></span> 
     </span>
     <span class='ocr_line' id='line_1_36' title="bbox 197 3038 1295 3105; baseline 0.004 -15"><span class='ocrx_word' id='word_1_349' title='bbox 197 3042 302 3105; x_wconf 69' lang='lat' dir='ltr'><strong>crilegi!</strong></span> <span class='ocrx_word' id='word_1_350' title='bbox 335 3041 426 3089; x_wconf 81' lang='lat' dir='ltr'><strong>Zonels.</strong></span> <span class='ocrx_word' id='word_1_351' title='bbox 762 3038 804 3087; x_wconf 79' lang='lat' dir='ltr'><strong>liic</strong></span> <span class='ocrx_word' id='word_1_352' title='bbox 815 3039 900 3087; x_wconf 90' lang='lat' dir='ltr'><strong>obiter</strong></span> <span class='ocrx_word' id='word_1_353' title='bbox 910 3040 1001 3089; x_wconf 82' lang='lat' dir='ltr'><strong>eridani</strong></span> <span class='ocrx_word' id='word_1_354' title='bbox 1013 3057 1046 3090; x_wconf 83' lang='lat' dir='ltr'><strong>ex</strong></span> <span class='ocrx_word' id='word_1_355' title='bbox 1060 3043 1185 3092; x_wconf 88' lang='lat' dir='ltr'><strong>Cicerone</strong></span> <span class='ocrx_word' id='word_1_356' title='bbox 1202 3043 1234 3091; x_wconf 81' lang='lat' dir='ltr'><strong>ad</strong></span> <span class='ocrx_word' id='word_1_357' title='bbox 1246 3045 1295 3094; x_wconf 79' lang='lat' dir='ltr'><strong>nt-</strong></span> 
     </span>
     <span class='ocr_line' id='line_1_37' title="bbox 232 3115 1295 3182; baseline 0.003 -17"><span class='ocrx_word' id='word_1_358' title='bbox 232 3120 335 3176; x_wconf 80' lang='lat' dir='ltr'><strong>Caedens,</strong></span> <span class='ocrx_word' id='word_1_359' title='bbox 351 3117 466 3176; x_wconf 81' lang='lat' dir='ltr'><strong>incendia,</strong></span> <span class='ocrx_word' id='word_1_360' title='bbox 477 3116 568 3177; x_wconf 75' lang='lat' dir='ltr'><strong>alioque</strong></span> <span class='ocrx_word' id='word_1_361' title='bbox 579 3131 603 3163; x_wconf 85' lang='lat' dir='ltr'><strong>se</strong></span> <span class='ocrx_word' id='word_1_362' title='bbox 612 3115 680 3172; x_wconf 75' lang='lat' dir='ltr'><strong>sodo</strong></span> <span class='ocrx_word' id='word_1_363' title='bbox 690 3119 726 3164; x_wconf 82' lang='lat' dir='ltr'><strong>ut-</strong></span> <span class='ocrx_word' id='word_1_364' title='bbox 762 3115 850 3177; x_wconf 82' lang='lat' dir='ltr'><strong>ticuru,</strong></span> <span class='ocrx_word' id='word_1_365' title='bbox 865 3130 917 3164; x_wconf 91' lang='lat' dir='ltr'><strong>uon</strong></span> <span class='ocrx_word' id='word_1_366' title='bbox 928 3116 1024 3166; x_wconf 82' lang='lat' dir='ltr'><strong>dixisse</strong></span> <span class='ocrx_word' id='word_1_367' title='bbox 1042 3120 1167 3168; x_wconf 83' lang='lat' dir='ltr'><strong>Catonem</strong></span> <span class='ocrx_word' id='word_1_368' title='bbox 1185 3120 1295 3182; x_wconf 90' lang='lat' dir='ltr'><strong>primum</strong></span> 
     </span>
     <span class='ocr_line' id='line_1_38' title="bbox 197 3191 1295 3260; baseline 0.002 -19"><span class='ocrx_word' id='word_1_369' title='bbox 197 3193 473 3256; x_wconf 72' lang='lat' dir='ltr'><strong>quernsdeliu,lsc.]1n</strong></span> <span class='ocrx_word' id='word_1_370' title='bbox 486 3193 548 3239; x_wconf 86' lang='lat' dir='ltr'><strong>Mss.</strong></span> <span class='ocrx_word' id='word_1_371' title='bbox 566 3198 615 3252; x_wconf 88' lang='lat' dir='ltr'><strong>est,</strong></span> <span class='ocrx_word' id='word_1_372' title='bbox 634 3193 726 3254; x_wconf 80' lang='lat' dir='ltr'><strong>alioque</strong></span> <span class='ocrx_word' id='word_1_373' title='bbox 762 3191 917 3241; x_wconf 79' lang='lat' dir='ltr'><strong>sententious</strong></span> <span class='ocrx_word' id='word_1_374' title='bbox 939 3194 972 3241; x_wconf 87' lang='lat' dir='ltr'><strong>de</strong></span> <span class='ocrx_word' id='word_1_375' title='bbox 997 3196 1228 3260; x_wconf 83' lang='lat' dir='ltr'><strong>animadversione,</strong></span> <span class='ocrx_word' id='word_1_376' title='bbox 1248 3196 1295 3245; x_wconf 90' lang='lat' dir='ltr'><strong>sed</strong></span> 
     </span>
     <span class='ocr_line' id='line_1_39' title="bbox 191 3266 1293 3335; baseline 0.005 -20"><span class='ocrx_word' id='word_1_377' title='bbox 191 3267 267 3328; x_wconf 77' lang='lat' dir='ltr'><strong>freda,</strong></span> <span class='ocrx_word' id='word_1_378' title='bbox 278 3270 371 3315; x_wconf 86' lang='lat' dir='ltr'><strong>omisso</strong></span> <span class='ocrx_word' id='word_1_379' title='bbox 381 3267 531 3328; x_wconf 88' lang='lat' dir='ltr'><strong>pronomine</strong></span> <span class='ocrx_word' id='word_1_380' title='bbox 542 3281 575 3327; x_wconf 82' lang='lat' dir='ltr'><strong>re,</strong></span> <span class='ocrx_word' id='word_1_381' title='bbox 586 3266 663 3328; x_wconf 89' lang='lat' dir='ltr'><strong>idque</strong></span> <span class='ocrx_word' id='word_1_382' title='bbox 673 3280 724 3314; x_wconf 86' lang='lat' dir='ltr'><strong>me·</strong></span> <span class='ocrx_word' id='word_1_383' title='bbox 762 3283 848 3317; x_wconf 89' lang='lat' dir='ltr'><strong>omnes</strong></span> <span class='ocrx_word' id='word_1_384' title='bbox 871 3279 931 3318; x_wconf 85' lang='lat' dir='ltr'><strong>ante</strong></span> <span class='ocrx_word' id='word_1_385' title='bbox 954 3286 1012 3319; x_wconf 88' lang='lat' dir='ltr'><strong>euru</strong></span> <span class='ocrx_word' id='word_1_386' title='bbox 1037 3281 1133 3335; x_wconf 82' lang='lat' dir='ltr'><strong>praeter</strong></span> <span class='ocrx_word' id='word_1_387' title='bbox 1154 3274 1293 3321; x_wconf 81' lang='lat' dir='ltr'><strong>Caesarem.</strong></span> 
     </span>
     <span class='ocr_line' id='line_1_40' title="bbox 196 3341 1294 3407; baseline 0.005 -17"><span class='ocrx_word' id='word_1_388' title='bbox 196 3341 253 3390; x_wconf 86' lang='lat' dir='ltr'><strong>llus.</strong></span> <span class='ocrx_word' id='word_1_389' title='bbox 287 3341 380 3388; x_wconf 72' lang='lat' dir='ltr'><strong>Rivius.</strong></span> <span class='ocrx_word' id='word_1_390' title='bbox 762 3345 1294 3407; x_wconf 73' lang='lat' dir='ltr'><strong>CurergoinseuteutiamCstonis?‘Quia</strong></span> 
     </span>
     <span class='ocr_line' id='line_1_41' title="bbox 229 3415 1294 3483; baseline 0.006 -19"><span class='ocrx_word' id='word_1_391' title='bbox 229 3418 268 3464; x_wconf 84' lang='lat' dir='ltr'><strong>De</strong></span> <span class='ocrx_word' id='word_1_392' title='bbox 279 3415 399 3475; x_wconf 79' lang='lat' dir='ltr'><strong>confessis]</strong></span> <span class='ocrx_word' id='word_1_393' title='bbox 418 3417 476 3464; x_wconf 87' lang='lat' dir='ltr'><strong>Non</strong></span> <span class='ocrx_word' id='word_1_394' title='bbox 494 3430 557 3477; x_wconf 88' lang='lat' dir='ltr'><strong>opus</strong></span> <span class='ocrx_word' id='word_1_395' title='bbox 574 3421 613 3462; x_wconf 87' lang='lat' dir='ltr'><strong>est</strong></span> <span class='ocrx_word' id='word_1_396' title='bbox 634 3416 675 3463; x_wconf 84' lang='lat' dir='ltr'><strong>lsic</strong></span> <span class='ocrx_word' id='word_1_397' title='bbox 690 3430 723 3464; x_wconf 88' lang='lat' dir='ltr'><strong>ex</strong></span> <span class='ocrx_word' id='word_1_398' title='bbox 761 3420 865 3480; x_wconf 86' lang='lat' dir='ltr'><strong>verbis,’</strong></span> <span class='ocrx_word' id='word_1_399' title='bbox 888 3421 981 3483; x_wconf 89' lang='lat' dir='ltr'><strong>inquit,</strong></span> <span class='ocrx_word' id='word_1_400' title='bbox 1003 3424 1010 3449; x_wconf 84' lang='lat'>‘</span> <span class='ocrx_word' id='word_1_401' title='bbox 1026 3423 1247 3480; x_wconf 86' lang='lat' dir='ltr'><strong>luculentioribus,</strong></span> <span class='ocrx_word' id='word_1_402' title='bbox 1266 3429 1294 3470; x_wconf 90' lang='lat' dir='ltr'><strong>et</strong></span> 
     </span>
     <span class='ocr_line' id='line_1_42' title="bbox 191 3492 1296 3557; baseline 0.004 -18"><span class='ocrx_word' id='word_1_403' title='bbox 191 3492 332 3557; x_wconf 79' lang='lat' dir='ltr'><strong>Jurecirili</strong></span> <span class='ocrx_word' id='word_1_404' title='bbox 350 3492 375 3538; x_wconf 92' lang='lat' dir='ltr'><strong>in</strong></span> <span class='ocrx_word' id='word_1_405' title='bbox 392 3506 448 3539; x_wconf 83' lang='lat' dir='ltr'><strong>cnm</strong></span> <span class='ocrx_word' id='word_1_406' title='bbox 468 3505 521 3538; x_wconf 92' lang='lat' dir='ltr'><strong>rem</strong></span> <span class='ocrx_word' id='word_1_407' title='bbox 542 3492 612 3552; x_wconf 78' lang='lat' dir='ltr'><strong>leges</strong></span> <span class='ocrx_word' id='word_1_408' title='bbox 631 3504 723 3538; x_wconf 90' lang='lat' dir='ltr'><strong>concu·</strong></span> <span class='ocrx_word' id='word_1_409' title='bbox 762 3494 887 3555; x_wconf 86' lang='lat' dir='ltr'><strong>pluribus,</strong></span> <span class='ocrx_word' id='word_1_410' title='bbox 898 3508 951 3541; x_wconf 87' lang='lat' dir='ltr'><strong>rem</strong></span> <span class='ocrx_word' id='word_1_411' title='bbox 968 3497 1075 3543; x_wconf 89' lang='lat' dir='ltr'><strong>eandem</strong></span> <span class='ocrx_word' id='word_1_412' title='bbox 1093 3495 1296 3557; x_wconf 81' lang='lat' dir='ltr'><strong>comprehende·</strong></span> 
     </span>
     <span class='ocr_line' id='line_1_43' title="bbox 194 3564 1293 3627; baseline 0.005 -12"><span class='ocrx_word' id='word_1_413' title='bbox 194 3569 302 3616; x_wconf 82' lang='lat' dir='ltr'><strong>mislare.</strong></span> <span class='ocrx_word' id='word_1_414' title='bbox 335 3567 431 3614; x_wconf 85' lang='lat' dir='ltr'><strong>Notum</strong></span> <span class='ocrx_word' id='word_1_415' title='bbox 453 3571 493 3613; x_wconf 91' lang='lat' dir='ltr'><strong>est</strong></span> <span class='ocrx_word' id='word_1_416' title='bbox 511 3565 589 3624; x_wconf 91' lang='lat' dir='ltr'><strong>enim,</strong></span> <span class='ocrx_word' id='word_1_417' title='bbox 611 3564 678 3627; x_wconf 90' lang='lat' dir='ltr'><strong>quod</strong></span> <span class='ocrx_word' id='word_1_418' title='bbox 702 3565 723 3613; x_wconf 91' lang='lat' dir='ltr'><strong>is</strong></span> <span class='ocrx_word' id='word_1_419' title='bbox 761 3568 819 3617; x_wconf 66' lang='lat' dir='ltr'><strong>rat!</strong></span> <span class='ocrx_word' id='word_1_420' title='bbox 852 3569 926 3627; x_wconf 85' lang='lat' dir='ltr'><strong>Mox,</strong></span> <span class='ocrx_word' id='word_1_421' title='bbox 939 3570 981 3615; x_wconf 90' lang='lat' dir='ltr'><strong>ubi</strong></span> <span class='ocrx_word' id='word_1_422' title='bbox 994 3571 1086 3618; x_wconf 87' lang='lat' dir='ltr'><strong>leviter</strong></span> <span class='ocrx_word' id='word_1_423' title='bbox 1102 3571 1255 3627; x_wconf 87' lang='lat' dir='ltr'><strong>innuit‚non</strong></span> <span class='ocrx_word' id='word_1_424' title='bbox 1266 3585 1293 3620; x_wconf 92' lang='lat' dir='ltr'><strong>se</strong></span> 
     </span>
     <span class='ocr_line' id='line_1_44' title="bbox 196 3640 1295 3706; baseline 0.005 -17"><span class='ocrx_word' id='word_1_425' title='bbox 196 3641 240 3706; x_wconf 84' lang='lat' dir='ltr'><strong>qui</strong></span> <span class='ocrx_word' id='word_1_426' title='bbox 261 3641 358 3689; x_wconf 89' lang='lat' dir='ltr'><strong>crimen</strong></span> <span class='ocrx_word' id='word_1_427' title='bbox 383 3642 409 3688; x_wconf 91' lang='lat' dir='ltr'><strong>iu</strong></span> <span class='ocrx_word' id='word_1_428' title='bbox 432 3640 532 3702; x_wconf 92' lang='lat' dir='ltr'><strong>judicio</strong></span> <span class='ocrx_word' id='word_1_429' title='bbox 551 3640 724 3702; x_wconf 75' lang='lat' dir='ltr'><strong>interrogatus</strong></span> <span class='ocrx_word' id='word_1_430' title='bbox 762 3641 882 3690; x_wconf 86' lang='lat' dir='ltr'><strong>retulisse</strong></span> <span class='ocrx_word' id='word_1_431' title='bbox 893 3642 984 3699; x_wconf 86' lang='lat' dir='ltr'><strong>solum,</strong></span> <span class='ocrx_word' id='word_1_432' title='bbox 995 3643 1039 3689; x_wconf 90' lang='lat' dir='ltr'><strong>sed</strong></span> <span class='ocrx_word' id='word_1_433' title='bbox 1052 3650 1079 3690; x_wconf 90' lang='lat' dir='ltr'><strong>et</strong></span> <span class='ocrx_word' id='word_1_434' title='bbox 1090 3642 1255 3705; x_wconf 80' lang='lat' dir='ltr'><strong>patefecisse,</strong></span> <span class='ocrx_word' id='word_1_435' title='bbox 1266 3653 1295 3695; x_wconf 90' lang='lat' dir='ltr'><strong>et</strong></span> 
     </span>
     <span class='ocr_line' id='line_1_45' title="bbox 195 3714 1295 3782; baseline 0.005 -17"><span class='ocrx_word' id='word_1_436' title='bbox 195 3714 362 3775; x_wconf 78' lang='lat' dir='ltr'><strong>fatetur,pr0</strong></span> <span class='ocrx_word' id='word_1_437' title='bbox 381 3715 501 3764; x_wconf 82' lang='lat' dir='ltr'><strong>convicto</strong></span> <span class='ocrx_word' id='word_1_438' title='bbox 520 3714 655 3774; x_wconf 82' lang='lat' dir='ltr'><strong>habeatur,</strong></span> <span class='ocrx_word' id='word_1_439' title='bbox 675 3715 723 3762; x_wconf 89' lang='lat' dir='ltr'><strong>uisi</strong></span> <span class='ocrx_word' id='word_1_440' title='bbox 761 3719 922 3767; x_wconf 80' lang='lat' dir='ltr'><strong>cohortatum</strong></span> <span class='ocrx_word' id='word_1_441' title='bbox 946 3731 1011 3775; x_wconf 87' lang='lat' dir='ltr'><strong>esse,</strong></span> <span class='ocrx_word' id='word_1_442' title='bbox 1030 3727 1057 3765; x_wconf 87' lang='lat' dir='ltr'><strong>et</strong></span> <span class='ocrx_word' id='word_1_443' title='bbox 1080 3728 1139 3767; x_wconf 84' lang='lat' dir='ltr'><strong>niue</strong></span> <span class='ocrx_word' id='word_1_444' title='bbox 1166 3730 1295 3782; x_wconf 83' lang='lat' dir='ltr'><strong>praeterea</strong></span> 
     </span>
     <span class='ocr_line' id='line_1_46' title="bbox 195 3791 1293 3858; baseline 0.006 -18"><span class='ocrx_word' id='word_1_445' title='bbox 195 3799 381 3853; x_wconf 80' lang='lat' dir='ltr'><strong>uonappareat</strong></span> <span class='ocrx_word' id='word_1_446' title='bbox 393 3793 501 3849; x_wconf 88' lang='lat' dir='ltr'><strong>crimen,</strong></span> <span class='ocrx_word' id='word_1_447' title='bbox 513 3791 579 3854; x_wconf 90' lang='lat' dir='ltr'><strong>quod</strong></span> <span class='ocrx_word' id='word_1_448' title='bbox 592 3805 650 3838; x_wconf 82' lang='lat' dir='ltr'><strong>rests</strong></span> <span class='ocrx_word' id='word_1_449' title='bbox 664 3806 723 3838; x_wconf 89' lang='lat' dir='ltr'><strong>con·</strong></span> <span class='ocrx_word' id='word_1_450' title='bbox 760 3807 835 3856; x_wconf 81' lang='lat' dir='ltr'><strong>quern</strong></span> <span class='ocrx_word' id='word_1_451' title='bbox 862 3791 1019 3851; x_wconf 83' lang='lat' dir='ltr'><strong>consuleret,</strong></span> <span class='ocrx_word' id='word_1_452' title='bbox 1040 3793 1121 3854; x_wconf 80' lang='lat' dir='ltr'><strong>ipsum</strong></span> <span class='ocrx_word' id='word_1_453' title='bbox 1150 3796 1293 3858; x_wconf 87' lang='lat' dir='ltr'><strong>judicasse.</strong></span> 
     </span>
     <span class='ocr_line' id='line_1_47' title="bbox 197 3864 1294 3932; baseline -0.002 -17"><span class='ocrx_word' id='word_1_454' title='bbox 197 3866 279 3915; x_wconf 84' lang='lat' dir='ltr'><strong>fessus</strong></span> <span class='ocrx_word' id='word_1_455' title='bbox 291 3873 338 3913; x_wconf 89' lang='lat' dir='ltr'><strong>est.</strong></span> <span class='ocrx_word' id='word_1_456' title='bbox 372 3864 459 3926; x_wconf 78' lang='lat' dir='ltr'><strong>Atque</strong></span> <span class='ocrx_word' id='word_1_457' title='bbox 479 3866 517 3913; x_wconf 83' lang='lat' dir='ltr'><strong>ite</strong></span> <span class='ocrx_word' id='word_1_458' title='bbox 533 3866 648 3927; x_wconf 82' lang='lat' dir='ltr'><strong>intelligo</strong></span> <span class='ocrx_word' id='word_1_459' title='bbox 661 3865 723 3913; x_wconf 83' lang='lat' dir='ltr'><strong>Divi</strong></span> <span class='ocrx_word' id='word_1_460' title='bbox 764 3872 771 3896; x_wconf 86' lang='lat'>‘</span> <span class='ocrx_word' id='word_1_461' title='bbox 786 3871 850 3919; x_wconf 74' lang='lat' dir='ltr'><strong>Ques</strong></span> <span class='ocrx_word' id='word_1_462' title='bbox 862 3866 963 3927; x_wconf 88' lang='lat' dir='ltr'><strong>omnia,&#39;</strong></span> <span class='ocrx_word' id='word_1_463' title='bbox 976 3868 1068 3930; x_wconf 88' lang='lat' dir='ltr'><strong>inquit,</strong></span> <span class='ocrx_word' id='word_1_464' title='bbox 1078 3871 1085 3894; x_wconf 94' lang='lat'>‘</span> <span class='ocrx_word' id='word_1_465' title='bbox 1096 3871 1156 3932; x_wconf 89' lang='lat' dir='ltr'><strong>quia</strong></span> <span class='ocrx_word' id='word_1_466' title='bbox 1166 3874 1232 3922; x_wconf 81' lang='lat' dir='ltr'><strong>Coto</strong></span> <span class='ocrx_word' id='word_1_467' title='bbox 1241 3874 1294 3921; x_wconf 86' lang='lat' dir='ltr'><strong>lau.</strong></span> 
     </span>
     <span class='ocr_line' id='line_1_48' title="bbox 197 3939 1293 4011; baseline 0.008 -21"><span class='ocrx_word' id='word_1_468' title='bbox 197 3941 285 3991; x_wconf 83' lang='lat' dir='ltr'><strong>Severi</strong></span> <span class='ocrx_word' id='word_1_469' title='bbox 296 3940 456 4001; x_wconf 83' lang='lat' dir='ltr'><strong>rescriptum,</strong></span> <span class='ocrx_word' id='word_1_470' title='bbox 467 3939 492 3986; x_wconf 90' lang='lat' dir='ltr'><strong>iu</strong></span> <span class='ocrx_word' id='word_1_471' title='bbox 504 3939 521 3986; x_wconf 91' lang='lat' dir='ltr'><strong>l.</strong></span> <span class='ocrx_word' id='word_1_472' title='bbox 535 3954 553 3987; x_wconf 89' lang='lat' dir='ltr'><strong>r.</strong></span> <span class='ocrx_word' id='word_1_473' title='bbox 564 3942 586 4000; x_wconf 67' lang='grc' dir='ltr'><strong>ξ.</strong></span> <span class='ocrx_word' id='word_1_474' title='bbox 599 3941 633 3987; x_wconf 92' lang='grc' dir='ltr'><strong>Ι).</strong></span> <span class='ocrx_word' id='word_1_475' title='bbox 646 3940 724 3987; x_wconf 81' lang='lat' dir='ltr'><strong>Sese·</strong></span> <span class='ocrx_word' id='word_1_476' title='bbox 765 3945 839 3993; x_wconf 89' lang='lat' dir='ltr'><strong>dibus</strong></span> <span class='ocrx_word' id='word_1_477' title='bbox 848 3946 979 3992; x_wconf 83' lang='lat' dir='ltr'><strong>extulerat</strong></span> <span class='ocrx_word' id='word_1_478' title='bbox 991 3945 1015 3991; x_wconf 90' lang='lat' dir='ltr'><strong>iu</strong></span> <span class='ocrx_word' id='word_1_479' title='bbox 1024 3948 1123 4008; x_wconf 81' lang='lat' dir='ltr'><strong>coetrrm,</strong></span> <span class='ocrx_word' id='word_1_480' title='bbox 1133 3951 1293 4011; x_wconf 85' lang='lat' dir='ltr'><strong>perscriben-</strong></span> 
     </span>
     <span class='ocr_line' id='line_1_49' title="bbox 197 4015 1293 4087; baseline 0.009 -23"><span class='ocrx_word' id='word_1_481' title='bbox 197 4033 249 4067; x_wconf 85' lang='lat' dir='ltr'><strong>rus.</strong></span> <span class='ocrx_word' id='word_1_482' title='bbox 270 4017 297 4067; x_wconf 81' lang='lat' dir='ltr'><strong>ff.</strong></span> <span class='ocrx_word' id='word_1_483' title='bbox 316 4018 349 4066; x_wconf 89' lang='lat' dir='ltr'><strong>de</strong></span> <span class='ocrx_word' id='word_1_484' title='bbox 370 4019 468 4067; x_wconf 71' lang='lat' dir='ltr'><strong>const.</strong></span> <span class='ocrx_word' id='word_1_485' title='bbox 490 4030 539 4078; x_wconf 76' lang='lat' dir='ltr'><strong>qim</strong></span> <span class='ocrx_word' id='word_1_486' title='bbox 559 4015 723 4078; x_wconf 80' lang='lat' dir='ltr'><strong>prohibemur</strong></span> <span class='ocrx_word' id='word_1_487' title='bbox 761 4020 845 4083; x_wconf 85' lang='lat' dir='ltr'><strong>daque</strong></span> <span class='ocrx_word' id='word_1_488' title='bbox 857 4028 1003 4081; x_wconf 87' lang='lat' dir='ltr'><strong>censuerat,</strong></span> <span class='ocrx_word' id='word_1_489' title='bbox 1016 4023 1111 4072; x_wconf 89' lang='lat' dir='ltr'><strong>idcirco</strong></span> <span class='ocrx_word' id='word_1_490' title='bbox 1129 4026 1155 4072; x_wconf 91' lang='lat' dir='ltr'><strong>in</strong></span> <span class='ocrx_word' id='word_1_491' title='bbox 1171 4026 1293 4087; x_wconf 86' lang='lat' dir='ltr'><strong>ejussen-</strong></span> 
     </span>
     <span class='ocr_line' id='line_1_50' title="bbox 197 4091 1273 4154; baseline 0.006 -12"><span class='ocrx_word' id='word_1_492' title='bbox 197 4093 369 4142; x_wconf 85' lang='lat' dir='ltr'><strong>confessiones</strong></span> <span class='ocrx_word' id='word_1_493' title='bbox 390 4106 491 4141; x_wconf 86' lang='lat' dir='ltr'><strong>reorum</strong></span> <span class='ocrx_word' id='word_1_494' title='bbox 514 4105 560 4154; x_wconf 91' lang='lat' dir='ltr'><strong>pro</strong></span> <span class='ocrx_word' id='word_1_495' title='bbox 583 4091 723 4152; x_wconf 82' lang='lat' dir='ltr'><strong>exploratis</strong></span> <span class='ocrx_word' id='word_1_496' title='bbox 762 4096 868 4144; x_wconf 85' lang='lat' dir='ltr'><strong>tentiam</strong></span> <span class='ocrx_word' id='word_1_497' title='bbox 881 4102 921 4144; x_wconf 86' lang='lat' dir='ltr'><strong>est</strong></span> <span class='ocrx_word' id='word_1_498' title='bbox 934 4095 1152 4148; x_wconf 70' lang='lat' dir='ltr'><strong>foetadiscessio!</strong></span> <span class='ocrx_word' id='word_1_499' title='bbox 1180 4100 1273 4151; x_wconf 79' lang='lat' dir='ltr'><strong>Risisse.</strong></span> 
     </span>
     <span class='ocr_line' id='line_1_51' title="bbox 198 4167 1294 4240; baseline 0.008 -24"><span class='ocrx_word' id='word_1_500' title='bbox 198 4167 355 4221; x_wconf 78' lang='lat' dir='ltr'><strong>facinoribus</strong></span> <span class='ocrx_word' id='word_1_501' title='bbox 375 4170 480 4221; x_wconf 84' lang='lat' dir='ltr'><strong>hebere.</strong></span> <span class='ocrx_word' id='word_1_502' title='bbox 512 4169 565 4218; x_wconf 85' lang='lat' dir='ltr'><strong>Hic</strong></span> <span class='ocrx_word' id='word_1_503' title='bbox 584 4183 644 4218; x_wconf 87' lang='lat' dir='ltr'><strong>vero</strong></span> <span class='ocrx_word' id='word_1_504' title='bbox 666 4181 724 4218; x_wconf 83' lang='lat' dir='ltr'><strong>cou-</strong></span> <span class='ocrx_word' id='word_1_505' title='bbox 794 4170 1056 4237; x_wconf 75' lang='lat' dir='ltr'><strong>Semtidecretumfit]</strong></span> <span class='ocrx_word' id='word_1_506' title='bbox 1072 4173 1179 4237; x_wconf 79' lang='lat' dir='ltr'><strong>vulgati</strong></span> <span class='ocrx_word' id='word_1_507' title='bbox 1195 4189 1294 4240; x_wconf 89' lang='lat' dir='ltr'><strong>omnes,</strong></span> 
     </span>
    </p>
   </div>
   <div class='ocr_carea' id='block_1_3' title="bbox 0 0 1504 5040">
    <p class='ocr_par' dir='ltr' id='par_1_3' title="bbox 0 0 1504 5040">
     <span class='ocr_line' id='line_1_52' title="bbox 0 0 1504 5040; baseline 0 0"><span class='ocrx_word' id='word_1_508' title='bbox 0 0 1504 5040; x_wconf 95' lang='lat' dir='ltr'><strong> </strong></span> 
     </span>
    </p>
   </div>
  </div>
 </body>
</html>
