3000 5040
254 388 336 460 ‘qm
615 402 723 452 ΝΟΜ
747 401 947 452 VARIORUM
971 405 1011 454 tu

260 551 381 615 Mon]
396 548 625 614 legendumrleis.
659 546 757 596 Rivius.
834 550 902 606 suut,
915 545 1008 607 ssorum
1020 550 1177 599 Remorum
1192 553 1302 600 sumitis
1317 554 1362 600 sui·

303 628 434 676 Licmtium
450 627 508 688 ipsis
525 623 655 687 pennitts't]
671 623 730 672 Hoc
747 628 796 683 est,
832 635 892 684 m,
912 637 959 686 pto
969 624 1076 681 fulsum:
1093 627 1130 674 ila
1149 643 1258 692 numque
1278 629 1304 676 iu
1317 642 1359 676 ve·

266 709 414 769 paramur.
447 702 478 751 ln
491 708 556 750 orat.
568 699 677 763 Lepidi:
696 698 796 747 ‘Deui-
834 698 909 746 tuuis
921 706 969 747 est.
1005 700 1046 760 Et,
1063 704 1140 750 ‘uam
1157 705 1234 752 etiam
1247 719 1296 752 riou
1309 705 1359 752 lar-

270 796 320 844 que
340 780 411 828 necis
431 778 524 827 civium
548 784 576 826 et
592 777 653 826 vitu
673 775 795 826 licentis!
833 775 898 836 gitiu
917 778 1003 825 multis
1021 779 1108 841 iguotu
1125 781 1198 841 erut,'
1216 796 1271 844 pro,
1287 783 1358 829 etium

268 857 331 906 use.
341 869 398 904 xiv.
418 857 426 882 ‘
439 857 511 904 Data
522 862 550 902 et
561 852 708 902 absoluendi
721 854 797 902 liceu·
832 858 883 900 tm
893 869 902 910 ,·
912 861 941 902 ut
953 854 1050 917 antiqui
1062 856 1165 904 codices
1176 856 1281 904 bubeut.
1302 857 1358 904 Ric.

262 931 325 980 'tiu'
347 931 462 980 Ibidem:
481 931 617 979 ‘Licentia
629 929 741 978 habendi
752 929 795 976 ob·
869 930 897 977 lit
916 944 965 978 sese
986 931 1086 978 uitricum
1101 933 1150 979 ruti
1169 932 1233 993 sunt]
1255 933 1287 979 ‘rb
1303 937 1358 980 suut

268 1007 388 1056 livionem
407 1007 512 1056 attulit.'
546 1008 581 1055 Et
599 1005 680 1055 iutra:
707 1006 796 1054 ‘uuila
833 1007 1357 1070 uouestiuorriuibusmauuscriptis,nee

271 1082 586 1133 benefaciendiliceutia'
620 1082 763 1130 ciacconius.
833 1081 1136 1131 incudiceBeroaldino.
1169 1086 1243 1132 Idem.

302 1161 434 1212 Licentiom
453 1163 511 1224 ipsis
529 1158 659 1222 persus'ltit]
683 1158 725 1206 Sic
742 1157 795 1220 qui·
867 1155 1082 1219 Nossrtiamtum]
1099 1159 1171 1207 Citat
1188 1159 1255 1207 huuc
1273 1160 1358 1207 locum

270 1236 329 1287 dem
339 1239 419 1288 editio
432 1241 526 1302 prima:
544 1245 570 1285 at
588 1237 613 1285 iu
629 1235 693 1284 Mss.
705 1234 796 1282 visitur
835 1229 930 1278 Nouius
942 1232 967 1278 iu
980 1246 1042 1280 voce
1055 1234 1153 1282 bisses:
1163 1235 1207 1281 seu
1220 1235 1286 1296 apud
1299 1248 1358 1283 eum

269 1314 328 1376 illis,
339 1321 367 1362 ut
379 1315 488 1362 arbitrer
505 1314 551 1360 boo
568 1321 647 1375 atque
664 1311 725 1359 illud
738 1326 794 1373 pro·
832 1306 937 1368 legitur,
949 1308 1104 1370 Animumque
1120 1314 1170 1356 tam
1186 1310 1284 1369 largitio
1300 1311 1372 1356 suut--

270 1402 373 1450 nomeu,
391 1403 447 1437 esse
465 1389 497 1437 ab
516 1387 727 1449 exscriptoribus,
746 1388 794 1435 nisi
831 1381 865 1429 lit
884 1382 966 1443 mula
987 1389 1050 1432 erut:
1078 1392 1107 1432 ut
1133 1385 1293 1434 scribendum
1316 1385 1359 1445 sit,

269 1462 337 1513 sorte
349 1465 386 1512 ita
398 1479 448 1513 ursa
459 1479 515 1511 cum
530 1463 656 1526 prioribus
669 1462 793 1526 retiugeu·
833 1456 941 1520 Notaque
961 1464 1019 1506 tum·
1057 1460 1201 1508 Videndum
1223 1470 1358 1523 praterea,

269 1537 303 1586 da
319 1547 395 1587 suut:
413 1554 451 1588 eos
460 1541 491 1587 orl
509 1540 623 1600 ulmum,
634 1554 662 1587 oo
672 1540 795 1599 deiade,si
833 1548 865 1581 ²¹1
877 1548 923 1596 pro
936 1535 1073 1599 Mamfictss,
1084 1551 1204 1598 maresque
1223 1536 1358 1599 scripserit

265 1614 368 1678 placeat,
379 1617 486 1676 Remota,
496 1631 548 1664 rum
564 1627 642 1664 rerum
651 1619 796 1677 agendmm
831 1610 977 1670 Sallustius,
989 1625 1046 1659 euru
1060 1613 1085 1660 iu
1097 1627 1127 1661 ea
1140 1627 1202 1661 roco
1214 1612 1357 1660 adducatur

268 1697 436 1755 ameum
455 1695 520 1740 „uua
536 1691 589 1740 tau·
608 1693 755 1754 mmmm·
767 1693 796 1739 tt.
833 1700 849 1732 s
860 1686 955 1745 Nouio,
966 1695 995 1734 ut
1011 1689 1053 1744 sit,
1071 1703 1195 1750 monesque
1214 1704 1280 1736 aomo
1288 1693 1356 1750 putu-

268 1768 354 1828 auia,
364 1768 499 1829 permittitt
516 1775 544 1814 ut
555 1767 672 1815 nimirum
684 1769 734 1815 aliu
746 1782 796 1815 um·
832 1759 910 1810 batur.
943 1765 1104 1813 Ciaccouius.

269 1844 312 1892 uia
336 1842 485 1891 inturseriut
506 1843 629 1902 homiues,
652 1842 796 1904 ignorantia
866 1841 1079 1904 b'umetr'omtum,
1089 1842 1140 1906 tre]
1158 1842 1359 1892 Haecexl'aeu·

259 1919 339 1967 'rocla
356 1921 500 1980 proeminere,
517 1919 550 1966 tle
561 1933 612 1982 qua
622 1933 668 1965 uos
678 1919 758 1966 multa
770 1918 795 1965 iu
832 1917 866 1964 rii
879 1918 1025 1979 Duloreste,
1036 1933 1051 1966 ι
1063 1919 1148 1967 Nouio
1161 1919 1261 1967 recitari
1274 1919 1357 1979 rideo,

267 1993 471 2056 Suspicionibus,
489 2001 516 2041 et
534 1995 654 2041 nonnulla
670 1994 701 2039 ad
717 1995 796 2041 Seue·
832 1991 857 2039 iu
868 1992 948 2041 verbu
960 1995 1060 2052 blason
1072 2002 1100 2042 ut
1112 1993 1218 2043 tortasse
1230 1996 1269 2042 vel
1281 2010 1296 2042 a
1308 1995 1356 2042 Pa·

267 2082 322 2118 um
332 2068 523 2130 Philosophum.
557 2068 682 2114 Gruterus.
832 2068 906 2116 eurio
916 2069 1051 2117 Sallustius
1066 2070 1113 2119 bue
1124 2072 1251 2131 sumserit,
1262 2073 1300 2117 rel
1312 2071 1356 2119 ali·

302 2145 415 2209 Getulis]
431 2144 496 2192 Vide
508 2159 586 2207 supra
596 2159 619 2192 c.
631 2146 672 2191 ts.
831 2144 892 2207 quid
904 2144 929 2192 iu
943 2145 1027 2193 Nouio
1036 2145 1204 2195 desideretur.
1239 2148 1333 2194 dicuat.

282 2248 287 2257 ·
301 2222 358 2271 Sine
368 2220 459 2283 dormo]
476 2221 506 2268 ld
517 2228 567 2280 est,
577 2221 679 2268 Ornatu
691 2225 735 2268 urst
752 2233 795 2283 ap·
866 2219 941 2267 Utiuu
948 2221 1167 2283 uutbeseuuleutie]
1176 2223 1274 2283 Supra‘
1284 2223 1359 2283 blag-

267 2307 360 2364 paratu
371 2299 463 2362 lcgstis
474 2300 571 2348 debito.
830 2292 907 2344 uifiea
917 2309 964 2357 pro
975 2310 1012 2355 se,
1024 2304 1051 2344 et
1062 2297 1112 2344 illis
1124 2296 1254 2345 uolentia)
1278 2298 1355 2344 fiacr.

302 2374 352 2423 Pro
371 2374 488 2435 Protore]
512 2375 554 2421 Sie
572 2388 666 2436 supra:
688 2372 794 2422 Albinus
866 2370 960 2418 Deinde
970 2369 1036 2433 Sulla
1048 2372 1125 2419 omniu
1133 2373 1250 2434 pollicito]
1266 2373 1356 2420 ,tranu-

270 2447 472 2509 Cousul,‘1lulo
491 2448 572 2497 tratre
591 2450 616 2497 in
635 2450 727 2496 castris
746 2463 794 2511 pro
830 2444 956 2508 scriptum
977 2446 1079 2510 quidem
1102 2448 1211 2496 Fabricii
1234 2448 1292 2495 nibil
1315 2448 1355 2498 liic

268 2524 387 2572 Praetore
409 2525 509 2584 relicto,
536 2524 641 2573 Romam
664 2522 793 2571 decessit)
831 2521 924 2580 trohen
942 2537 1000 2570 uam
1021 2523 1129 2585 plurima
1146 2523 1254 2572 desunt:
1272 2524 1356 2572 sedin

269 2597 305 2646 lli
317 2599 395 2660 legati
411 2599 463 2646 Pru
475 2600 588 2647 Pretore
599 2599 659 2647 alibi
672 2600 794 2647 dicuutur
830 2598 886 2644 aliis
898 2605 947 2657 est,
956 2599 1009 2646 ueta
1021 2598 1143 2661 Sullultc.
1176 2599 1273 2646 Rivius.

268 2686 285 2720 a
293 2673 421 2728 Sallustio,
432 2682 458 2722 ct
471 2675 496 2719 in
513 2675 642 2721 veteribus
659 2675 792 2720 numisma·
854 2671 926 2736 ‚Dus
934 2672 1000 2721 Sulla
1009 2675 1086 2723 omniu
1093 2674 1221 2737 pollicitus]
1233 2675 1355 2722 Pollicitus

268 2746 354 2805 tibus;
373 2748 439 2808 quud
460 2748 667 2794 extraordinaria
686 2749 792 2810 imperia
828 2746 852 2792 iu
873 2748 979 2808 pollicito
1003 2751 1110 2798 nurtavit
1132 2749 1213 2798 codex
1237 2749 1354 2808 Aldiuus,

267 2821 307 2870 bis
324 2822 406 2870 titulis
417 2829 576 2869 ornarentur.
609 2823 680 2869 Sulla
696 2824 792 2886 itaque,
829 2821 895 2883 quod
908 2823 1002 2884 placet.
1022 2825 1097 2872 Mox:
1111 2826 1228 2873 ‘illarius
1239 2825 1281 2872 ubi
1294 2839 1355 2872 ruu-

267 2898 311 2963 qui
323 2899 596 2961 blariiqrrusturerat,
609 2901 791 2947 ttriaestorl’ro
828 2895 899 2944 l'ecto
926 2899 1055 2960 negritia?
1083 2901 1126 2948 alii
1149 2901 1235 2957 iusccto
1256 2904 1353 2964 legunt,

267 2975 396 3034 Prurture,
407 2975 455 3022 bue
467 2974 533 3034 luco,
544 2982 573 3022 ut
588 2975 699 3034 videtur,
714 2977 792 3025 nomi·
829 2988 886 3036 quar
897 2975 1066 3023 contrarietas
1077 2991 1109 3024 ex
1118 2976 1165 3023 boe
1176 2986 1281 3025 utretore
1291 2979 1354 3025 solvi

265 3050 366 3098 uaudus
377 3059 453 3098 essct.
490 3050 596 3098 Ursinus.
829 3061 879 3095 non
891 3054 985 3110 potest.
1021 3049 1102 3112 Atqui
1120 3051 1187 3099 aliud
1207 3052 1247 3099 bic
1264 3055 1353 3101 Lecto-

302 3126 349 3172 Pru
368 3133 469 3188 pratore
490 3126 517 3173 iu
541 3128 626 3175 castris
653 3130 792 3191 reliquerat]
829 3137 882 3170 reru
905 3126 997 3173 merito
1020 3135 1140 3187 moratur,
1158 3129 1259 3176 uliiuuru
1282 3131 1354 3177 Sulla

255 3200 343 3249 ·}{uuc
364 3204 447 3250 locum
468 3203 635 3264 restituimus,
655 3220 705 3268 ope
728 3208 791 3254 unii.
828 3198 1027 3264 l'uerit‚quuudu
1047 3203 1142 3252 Bocchi
1158 3205 1225 3266 regis
1238 3205 1326 3267 Legati
1338 3220 1354 3252 a

266 3291 372 3339 quorum
391 3278 516 3335 codicum,
542 3283 652 3341 uulgaris
675 3282 791 3330 ouuuibue
830 3278 1128 3327 bumidisciruumventi
1148 3281 1299 3342 spoliatique
1320 3281 1352 3329 ud

265 3350 410 3408 mendosi„
428 3353 452 3396 in
474 3352 564 3413 quibus
587 3356 641 3402 truc
666 3360 745 3405 verba
766 3361 790 3405 in
829 3367 885 3400 eum
899 3363 1033 3415 venerunt,
1051 3356 1137 3403 Uricae
1156 3371 1187 3403 ue
1204 3371 1235 3403 uu
1254 3357 1352 3405 Cium?

264 3426 348 3473 rustris
360 3425 544 3473 desiderantur.
573 3431 790 3495 Ettruucvomm,
828 3428 893 3474 Milli
915 3431 1018 3492 quidum
1040 3431 1141 3478 videtur
1163 3432 1241 3479 Cirta·
1265 3431 1352 3492 fuisse,

264 3507 292 3549 et
304 3501 438 3562 genuinum
452 3503 598 3563 lectionem,
615 3504 754 3568 intelligor,
769 3510 790 3555 si
827 3505 923 3565 quippe
937 3507 1033 3553 illarius
1045 3520 1101 3560 eum
1115 3507 1167 3553 illie
1179 3520 1224 3566 pro
1236 3507 1353 3554 Prruture

266 3583 347 3625 tutum
359 3578 425 3624 bunc
443 3581 527 3627 lucum
544 3580 691 3642 diligentius
707 3591 789 3630 atton·
828 3578 973 3639 reliquerat·
1006 3581 1100 3627 Verum
1125 3595 1174 3641 quo
1197 3586 1272 3639 pacto
1295 3581 1352 3628 blu-

265 3652 321 3702 llas.
356 3656 451 3718 l’opmu.
826 3651 878 3699 rius
892 3653 928 3700 sic
940 3653 1033 3700 Sullam
1050 3653 1081 3699 ud
1096 3668 1123 3699 se
1142 3655 1242 3701 Usu-un
1256 3659 1350 3704 vocat?

298 3730 347 3778 Pru
358 3734 425 3777 umis
444 3731 545 3778 hostibus
560 3732 596 3779 uti
615 3734 693 3780 meriti
709 3737 788 3798 eruut]
826 3728 992 3790 Quapropter
1003 3730 1087 3776 malim
1099 3729 1158 3775 κατὰ
1168 3729 1196 3775 rb
1204 3732 1351 3791 σιωπώμενον

265 3806 331 3856 Nau·
344 3806 411 3854 sueta
427 3809 500 3867 copia
520 3823 534 3854 u
555 3810 625 3856 Sulla
644 3817 671 3858 et
690 3811 788 3859 Manlio
825 3806 979 3868 intelligere,
994 3808 1089 3854 Sullam
1103 3808 1210 3869 interea,
1222 3810 1282 3859 dum
1295 3813 1351 3860 mu-

264 3881 383 3931 mittendi
397 3883 506 3942 Legatos
523 3883 627 3930 Romam
641 3899 729 3945 pacem
744 3902 788 3950 pe.
827 3884 877 3929 rius
892 3881 1023 3946 profectus
1046 3892 1085 3930 est
1103 3885 1231 3933 ulisessum
1254 3889 1349 3950 regium

265 3957 492 4019 tltuui,ubamicis
513 3955 593 4004 flexus
614 3960 676 4007 illud
697 3964 787 4012 oruisc·
827 3962 926 4018 turrim,
954 3975 969 4006 a
997 3960 1069 4006 Cirta
1105 3960 1207 4009 Uticam
1244 3979 1349 4011 conces·

262 4041 312 4091 rat,
323 4041 350 4081 et
362 4047 445 4079 rursus
456 4032 557 4079 hostilis
569 4031 674 4083 fecerat.
692 4040 771 4088 t'iucc.
825 4035 895 4092 sisse,
908 4035 1016 4082 lllsriuru
1028 4044 1112 4083 utitem
1123 4038 1220 4085 Cirtam
1233 4038 1348 4095 rediisse,

298 4110 331 4158 Ut
353 4111 431 4157 meriti
452 4109 529 4171 crrtut]
566 4111 721 4173 chemlum,
742 4119 786 4176 uti,
825 4127 854 4161 ae
864 4114 971 4171 omneis,
989 4112 1137 4174 quibuscum
1155 4115 1288 4161 concilium
1306 4115 1348 4161 ba·

262 4187 389 4247 quomodo
400 4197 425 4234 ct
438 4187 500 4234 alius
511 4185 573 4235 l'cre.
597 4189 661 4236 Nam
675 4191 717 4238 illa
728 4208 786 4241 mox
826 4189 887 4235 bere
907 4188 1079 4247 constituerit,
1091 4188 1186 4236 Cirtam
1206 4188 1238 4234 atl
1257 4202 1284 4234 se
1306 4203 1348 4234 ro·

260 4257 356 4308 ibidem
376 4260 511 4323 operarudi
530 4262 628 4312 incuria
653 4270 786 4319 commissa
814 4279 904 4314 cesse.
938 4265 1032 4329 ltaque
1047 4273 1074 4314 et
1091 4265 1206 4313 Sallustii
1217 4266 1298 4314 locum
1311 4265 1348 4314 ita

118 4452 121 4457 ’
188 4550 393 4744 rx
