3000 5040
398 361 552 411 annuum
575 359 742 409 carrum.
786 357 874 412 our.
895 342 955 409 33.
1160 341 1229 408 ddi·

124 506 181 572 quis
191 505 305 580 quinque
316 504 426 556 motibus
442 518 500 554 eum
511 503 601 553 orbem
613 518 659 553 so·
694 501 811 561 Tandem
830 517 896 554 anuo
914 515 1004 553 cccxi.
1021 504 1051 553 C.
1063 503 1165 554 Marcio
1177 506 1229 555 llu-

125 581 262 631 laitesse.'
278 582 384 630 Cineres.
696 579 751 626 tilio
773 585 800 626 et
823 579 853 629 C.
875 579 983 628 Seruilio
1002 578 1086 629 Ahala
1098 580 1174 630 Coss.
1195 582 1227 634 1,.

159 659 264 719 quorea
274 656 385 718 uestrum]
414 657 530 717 Vestrum,
539 655 657 718 reposui,
696 653 1141 720 Geuntiustrilsunnsplebislegem
1156 659 1228 723 tulit,

126 736 276 796 pto,sssstri,
287 733 357 798 quod
376 733 412 782 ita
431 732 545 780 Gellium
564 732 658 794 legisse
696 745 729 779 ue
742 730 860 779 loenerari
872 733 970 782 liceret.
991 734 1063 783 Bessa.

127 809 573 872 cognovissemztsenimsicxxu.
590 807 659 854 ‘1m·
729 809 863 868 Argentum
884 823 931 855 ωτι
947 809 1046 856 solutam
1066 810 1113 872 est]
1146 812 1227 861 Patet

125 882 445 947 portuuissiuret'ecerunt‚
462 883 548 947 quiin
568 882 658 945 pleris-
696 885 841 932 sententia:
859 892 886 932 et
909 884 945 931 ita
967 884 1060 933 recitat
1081 888 1178 936 Nonius
1198 888 1226 937 in

125 973 174 1023 que
183 959 295 1008 Sallustii
303 959 493 1021 exemplaribus
501 959 657 1021 scripturam
696 959 785 1021 verbo,
796 960 878 1008 Soleo:
895 968 1024 1021 puaeterea
1033 962 1069 1011 sic
1081 963 1155 1010 estin
1167 977 1227 1027 per·

124 1036 658 1096 ittamsincerissimamcorruperunt.uam
695 1034 803 1097 antiquo
829 1035 914 1082 Fulvii
936 1037 1019 1084 nostri
1040 1037 1114 1088 libro.
1158 1040 1228 1089 Nou.

124 1114 239 1162 cust-ita
258 1114 285 1161 iu
303 1113 416 1161 Catilina
435 1111 560 1173 scriptum
580 1115 659 1171 esset,
695 1110 758 1158 nulli
771 1118 859 1159 tumen
871 1126 904 1159 ex
921 1111 1025 1175 ingenio
1037 1114 1171 1176 legendnm
1184 1130 1229 1179 pa·

123 1188 200 1251 Scpe
211 1188 326 1252 majores
338 1194 460 1247 restrum,
477 1187 584 1235 miseriti
603 1187 657 1249 ple·
695 1192 791 1247 turum,
800 1187 936 1248 Argentum
948 1203 996 1236 cre
1006 1191 1120 1238 communi
1130 1191 1230 1240 solutura

124 1263 527 1322 bierestrumsbolererunu
553 1269 590 1323 et,
601 1277 657 1311 res·
694 1266 738 1323 est,
747 1264 892 1311 mutatione
904 1279 954 1312 nou
965 1268 1118 1316 necessaria.
1136 1268 1231 1318 Mouet.

125 1340 159 1387 tri
173 1341 396 1404 perscripserunt:
414 1354 447 1389 ex
460 1355 511 1404 quo
528 1339 554 1388 in
570 1341 657 1403 plures
725 1341 859 1401 Ameriam
869 1343 1026 1390 oeremtutum
1037 1341 1084 1403 est]
1102 1344 1177 1404 Sunt,
1186 1342 1230 1407 qul

123 1414 204 1464 liltt‘os
218 1415 318 1464 menduc
331 1416 404 1465 istius
416 1417 517 1465 indoles
533 1416 658 1466 inolevit!
693 1417 826 1478 Argentum
844 1435 891 1468 oerc
919 1421 1036 1469 communi
1060 1423 1162 1470 solutum
1186 1425 1230 1485 est,

124 1492 259 1542 Nautius.
695 1493 1024 1545 scribendumexistimaut.
1042 1497 1093 1545 Sed
1102 1497 1127 1545 hi
1136 1505 1230 1560 aperte

158 1569 447 1632 &pemporesmtruss
462 1569 566 1618 miseriti
574 1568 660 1634 pletis]
695 1569 774 1617 Nouii
792 1571 911 1620 Marcelli
931 1573 1087 1621 auctoritate
1106 1572 1229 1621 refellun-

124 1645 169 1694 ste
186 1646 291 1709 quidem
309 1645 411 1694 Gellius
432 1657 480 1693 xx.
497 1651 522 1693 u.
561 1644 612 1692 Sed
632 1646 658 1692 iu
697 1648 748 1704 tur,
758 1645 803 1707 qui
823 1646 849 1692 in
863 1647 941 1694 verbo
960 1647 1054 1696 Solvere
1069 1648 1163 1697 omissa
1174 1647 1229 1697 dic·

127 1721 217 1769 multis
244 1720 434 1783 exemplaribus
462 1720 561 1778 mojores
585 1719 660 1767 sostri
697 1718 767 1768 tione
777 1721 893 1768 communi
902 1721 959 1770 haec
970 1722 1079 1784 profert.
1098 1725 1196 1787 Popmo.

127 1796 255 1859 scripturn
264 1795 390 1858 est,quod
399 1795 478 1857 magis
487 1795 576 1858 probo.
594 1795 661 1842 Nam
731 1795 865 1857 Argentum
883 1799 1048 1845 mentatum
1063 1799 1110 1862 est]
1140 1801 1228 1848 Etiam

128 1886 209 1935 quum
220 1872 387 1936 magistratus
398 1871 431 1920 ad
442 1871 566 1934 populum
583 1870 662 1921 rerba
698 1872 780 1920 nostri
792 1873 861 1921 Pali.
875 1887 938 1922 voce
957 1875 1095 1936 auctiores,
1112 1892 1158 1924 ere
1168 1888 1230 1926 cota·

127 1948 272 2010 lralsebaut,
285 1949 386 2009 rumores
404 1948 486 2008 uestri,
500 1947 587 1995 dicere
598 1947 661 1996 sole·
697 1947 931 2006 ssustsstursssess;
946 1950 992 1997 sed
1011 1964 1060 1998 nou
1080 1950 1118 1999 illi
1137 1951 1228 2016 quibus

126 2024 200 2085 lrant,
219 2032 264 2073 aut
285 2027 397 2086 uestrum,
420 2024 557 2086 ‘Maiores
580 2023 659 2072 vestri
697 2023 879 2073 anctoritatem
911 2025 1020 2089 aliquam
1057 2027 1230 2078 circumdedit

125 2099 236 2162 parandi
247 2099 335 2163 juris,’
351 2103 399 2150 duc.
433 2101 464 2149 Iu
481 2106 545 2149 orat
559 2100 655 2149 Macri:
695 2100 836 2164 antiquitas
847 2102 986 2151 remotior:
1005 2102 1035 2151 iis
1047 2104 1145 2168 quippe
1158 2103 1230 2153 vocis

126 2178 134 2200 ⁶
146 2177 259 2239 Maiores
270 2177 349 2225 vestri
361 2175 501 2238 paravere!
517 2175 549 2224 ln
559 2176 656 2226 Senatu
694 2176 750 2240 ejus
762 2191 810 2226 uec
822 2179 890 2239 vola,
902 2192 949 2226 uec
960 2179 1104 2240 vestigium.
1129 2179 1230 2229 Gruter.

126 2265 198 2312 raro,
213 2253 410 2313 numanum.-
435 2261 465 2302 ut
480 2253 657 2315 postinoret.
726 2255 862 2315 Argentum
888 2269 935 2303 aers
956 2255 1060 2302 soluturus
1082 2253 1129 2314 est]
1171 2253 1231 2303 Hoc

125 2327 243 2378 Caesaris.
275 2329 328 2377 Hic
348 2343 408 2378 vero
428 2328 658 2392 cumndlmpera·
695 2328 794 2378 lectum
812 2345 879 2380 auno
900 2330 977 2380 Μ.
996 2334 1055 2378 sur.
1079 2343 1130 2392 quo
1152 2329 1232 2392 septi

125 2410 209 2452 torem
231 2405 355 2453 mandata
375 2405 439 2466 sint,
460 2405 547 2464 austri,
572 2406 659 2467 potius
697 2420 765 2452 muru
778 2406 884 2454 Consuli
903 2407 934 2455 C.
955 2407 1050 2467 Mario,
1068 2405 1158 2467 paucis
1177 2404 1232 2454 dio·

127 2478 301 2528 scnbcndum.
335 2480 416 2528 Ciues.
699 2479 747 2528 bus
770 2488 831 2543 post
853 2481 975 2529 honorem
997 2482 1090 2529 initum
1117 2488 1230 2543 mortuo,

161 2554 231 2617 Saepe
247 2555 347 2614 umores
362 2554 437 2604 aedri
457 2554 560 2603 miseriti
576 2552 662 2616 pislis]
699 2554 825 2604 suffectus
845 2557 874 2604 L
887 2555 1004 2604 Valerius
1023 2556 1131 2605 Flaccus
1143 2559 1231 2620 turpis-

126 2630 172 2680 Slc
184 2638 247 2679 vett.
259 2629 319 2680 edd.
331 2630 369 2678 sic
388 2630 455 2679 Pell.
474 2633 513 2678 sic
529 2630 612 2693 Bong.
624 2630 661 2679 sic
698 2633 766 2680 mmm
776 2632 836 2694 legis
854 2637 937 2680 auctor
945 2630 1062 2696 fuitque
1078 2632 1232 2682 creditoribus

128 2707 188 2756 Ura.
203 2707 437 2756 siccomuoster.
472 2706 662 2770 ltaquevalest
698 2710 850 2771 quadrantes
870 2710 929 2756 sotei
942 2709 1028 2769 jussit,
1057 2716 1088 2758 ut
1114 2708 1230 2774 loquitur

119 2783 244 2844 ‚storum
263 2785 364 2845 majores
380 2787 498 2839 uestrum,-
521 2783 588 2846 quod
608 2782 660 2844 iric,
697 2786 811 2848 Vellejus
823 2786 839 2833 l.
853 2799 885 2835 rr.
905 2785 1043 2835 Sallustius
1054 2789 1180 2847 ergastutis
1191 2787 1230 2836 ait

128 2872 184 2910 raes
201 2862 341 2924 sententia,
362 2861 447 2911 locum
465 2860 599 2910 commode
617 2860 660 2911 ha·
695 2862 863 2922 mutatum,
883 2859 908 2909 id
928 2867 976 2923 est,
996 2862 1144 2910 sestertium
1165 2872 1231 2924 asse,

126 2935 189 2986 bere
199 2945 354 3001 uoupotcst.
389 2937 517 2986 Gruterus.
696 2936 754 3001 quia
781 2938 916 2985 sestertius
943 2943 1082 2999 argenteus
1110 2942 1177 2996 erat,
1201 2949 1230 2983 as

161 3012 268 3061 Miserili
290 3014 375 3076 plebis]
402 3015 490 3062 Primo
508 3013 659 3064 Decemviri
696 3026 787 3060 oereus.
831 3011 948 3074 Vellejus
975 3009 1049 3071 dicit,
1075 3010 1231 3070 qmdrmsess

130 3101 197 3136 mo
221 3089 287 3138 Urb.
303 3103 387 3139 eccur.
403 3091 597 3154 Rempubllcam
621 3098 659 3140 te·
695 3090 796 3136 solatum
805 3084 977 3136 creditmilrss:
993 3098 1051 3133 uam
1068 3091 1160 3149 quarta
1173 3097 1231 3147 pars

130 3172 250 3225 naemnt,
260 3165 287 3212 lsi
297 3164 434 3213 duodecim
455 3166 554 3214 tabulas
566 3180 660 3229 propo-
696 3162 751 3210 sive
763 3162 892 3225 quadrans
904 3160 1018 3209 sestertii
1030 3167 1087 3208 erat
1106 3174 1142 3217 at,
1162 3159 1231 3211 undo

129 3238 661 3303 sueruntiuqsribushsbebatur,ursctsu.
698 3252 746 3300 pro
758 3237 875 3300 portione
893 3236 936 3301 qui
947 3251 994 3300 pro
1005 3237 1126 3287 sestertio
1137 3251 1230 3302 msera,

129 3325 258 3364 messa.
278 3327 409 3364 suenrus.
421 3328 467 3366 rsa.
482 3329 555 3368 aurs.
574 3328 660 3365 exea·
697 3315 765 3364 idem
786 3328 835 3377 pro
853 3329 910 3363 asse
928 3315 1108 3379 quadrantem,
1126 3329 1174 3380 pro
1193 3317 1231 3367 di·

128 3404 208 3442 orno.
242 3392 338 3441 Funus
357 3399 443 3440 sutem
462 3406 509 3454 pro
526 3391 598 3441 libitu
610 3406 661 3440 uon
698 3391 794 3455 pondis
814 3391 955 3453 semissem,
973 3406 1020 3456 pro
1040 3393 1176 3443 victoriato
1192 3392 1230 3444 dl-

127 3467 661 3532 semelagitatumsuctumquet'uisse,con·
698 3469 830 3532 pondium,
858 3483 905 3532 pro
936 3470 1043 3519 denario
1070 3471 1230 3535 sestertium,

128 3550 182 3594 stat
199 3558 233 3594 ex
253 3543 328 3594 libris
345 3544 439 3594 Anasi.
460 3545 552 3595 Taciti.
585 3544 661 3594 Auno
697 3559 744 3608 pro
754 3547 824 3594 mille
836 3546 945 3594 nummis
962 3547 1086 3595 ducentos
1104 3548 1229 3610 quinqua·

128 3635 253 3672 cccxcvi.
271 3622 302 3671 C.
325 3621 427 3670 lllsrcio
446 3627 474 3670 et
493 3621 539 3670 cn.
560 3621 660 3671 Manlio
698 3621 901 3685 gintudeuique
913 3622 1039 3684 proomni
1051 3621 1141 3671 debito
1152 3637 1228 3688 quar·

129 3699 202 3749 Cass.
217 3700 274 3748 lsrec
286 3700 329 3747 lex
347 3698 380 3746 de
400 3697 525 3747 Uncisrio
536 3695 661 3748 huores
697 3704 749 3746 tam
766 3697 823 3762 ejus
844 3704 945 3760 partem
964 3697 1050 3758 solvit,
1070 3697 1107 3746 ita
1126 3705 1156 3747 ut
1176 3705 1230 3746 tres

130 3775 170 3823 ld.
184 3775 287 3824 Duellio
306 3781 335 3825 et
354 3775 386 3823 L.
407 3774 531 3824 Menenio
549 3773 660 3823 tribunis
697 3776 812 3839 perirent
824 3774 958 3823 creditori.
991 3774 1058 3823 Vide
1068 3774 1086 3823 l.
1096 3787 1116 3822 1.
1128 3772 1161 3821 de
1170 3786 1228 3835 pec.

129 3849 216 3914 plebis
233 3851 333 3912 rogatio
350 3851 451 3914 perluua
470 3857 521 3911 est,
538 3857 566 3899 et
588 3851 661 3914 plebs
698 3858 750 3902 ret.
761 3866 786 3901 c.
797 3857 822 3899 t.
841 3851 945 3899 Grusoo.

128 3927 263 3992 aliquanto
280 3939 337 3975 eam
353 3927 472 3990 cupidius
491 3927 568 3976 scirit
587 3941 660 3976 acce·
738 3925 946 3977 Nisicssauaisso
962 3921 1148 3982 simutumittit]
1185 3919 1229 3970 Sic

129 4003 231 4068 pltque,
251 4008 280 4050 ut
299 4001 383 4065 lnquit
399 4002 546 4052 Lir.l.r11.
560 4003 659 4052 Hister.
696 4003 854 4067 iuiugurtlr.
887 4003 1041 4052 ‘AErumuss
1064 4010 1122 4044 curu
1145 3995 1230 4047 anima

130 4080 165 4130 lit
182 4092 272 4129 rursus
291 4091 359 4127 suso
376 4081 543 4130 consulito
559 4080 659 4130 Manlio
695 4081 770 4130 simul
781 4080 909 4130 amisisti!
943 4081 1025 4127 Circe.

128 4154 261 4220 Torquato
273 4163 301 4205 et
319 4156 349 4205 C.
360 4155 463 4205 Plautio
474 4158 547 4207 Coss.
558 4170 659 4205 semuu·
728 4159 793 4207 Neue
813 4156 880 4204 sotis
899 4168 951 4201 curs
969 4141 1165 4198 uceuuuutsess
1183 4145 1229 4198 isn-

132 4230 236 4282 etatluss
259 4239 361 4281 tantum
381 4246 416 4282 ss
437 4232 554 4282 unciario
575 4230 659 4279 fenus
692 4230 800 4294 ponetis]
825 4216 1228 4286 Meneburgenseroluuseulta-

132 4305 303 4377 tanum,
327 4309 414 4379 laquis
438 4308 537 4362 itidem
564 4306 661 4359 ursas
696 4294 1140 4363 mumqndmmarsm.
1160 4295 1228 4351 ttsm
