3000 5040
256 392 323 466 01ss
579 410 776 462 ascraeus
807 409 1024 457 nnrrrnrausr

259 560 386 626 13210.
409 561 506 644 Crispi
529 560 655 621 Sallustii
681 561 719 621 de
740 558 941 637 conjuratione
969 552 1113 617 Catilina.
1150 556 1290 633 Ejusdem
1312 555 1351 616 ‹le'

297 657 575 736 belluJugurtlrino.
610 659 765 717 Orationes
788 655 922 734 quaedam
944 674 981 712 ex
1003 652 1085 712 libris
1106 652 1299 711 Historiarum
1314 655 1351 712 C.

202 815 207 837 ι
296 753 393 830 Crispi
416 754 554 814 Sallustii.
600 751 740 829 Ejusdem
766 749 869 810 Oratio
897 757 999 807 contra
1025 749 1070 805 Μ.
1098 747 1136 804 Τ.
1165 747 1352 806 Ciceronem.

295 849 342 907 M.
357 849 394 907 Τ.
410 848 559 908 Ciceronis
573 847 666 907 oratio
680 854 782 905 nonna
795 846 831 905 C.
846 843 984 921 Crispum
998 841 1175 900 Sallustium.
1212 842 1354 919 Ejusdem

296 944 442 1004 orationes
467 954 593 1020 quatuor
614 933 716 1003 nonna
741 943 774 1000 L.
790 941 957 1000 Catilinam.
992 937 1089 996 Porcii
1103 937 1236 996 Latronis
1257 939 1357 998 decla·

296 1037 389 1096 matio
399 1048 502 1096 contra
516 1039 550 1096 L.
567 1037 736 1096 Catilinam.
765 1037 841 1104 Quas
850 1035 946 1095 omnia
954 1033 1050 1092 solerti
1064 1051 1156 1108 nuper
1169 1052 1239 1091 eura
1252 1053 1356 1109 repur-

263 1170 269 1183 ·
297 1142 366 1210 gata
394 1141 471 1202 sunt,
499 1150 534 1191 aa
562 1151 615 1193 suo
640 1149 766 1209 quaeque
787 1128 889 1187 ordine
912 1128 1023 1205 optime
1043 1125 1162 1203 digesta.
1198 1128 1231 1185 ln
1251 1127 1353 1189 calce:

261 1256 264 1263 ·
300 1228 447 1287 ‘venetiis
459 1228 488 1284 in
498 1227 609 1284 sedibus
622 1224 690 1282 Aldi
710 1231 739 1279 et
759 1220 886 1279 Andreas
898 1220 1017 1278 Asulani
1032 1221 1140 1290 Soceri,
1155 1241 1253 1282 mense
1268 1223 1357 1281 lanu·

283 1321 358 1380 ‘ario
374 1322 539 1379 nr.n.xxr.'
552 1317 721 1377 a-Ediuo
738 1314 862 1393 egregia.
897 1316 986 1373 Extat
1006 1315 1035 1372 in
1052 1314 1122 1373 bibl.
1145 1315 1264 1393 Bipont.
1279 1318 1354 1375 olim

206 1456 210 1463 α
296 1412 413 1472 Dunali.

256 1506 406 1584 ²--Crispi
428 1507 557 1586 Sallustii
582 1506 621 1565 de
647 1504 849 1582 conparatione
876 1505 1021 1566 Catilinae.
1057 1503 1198 1580 Ejusdem
1219 1505 1356 1566 debello

295 1602 481 1680 iugurthino.
516 1602 656 1677 Ejusdem
679 1602 771 1661 oratio
793 1610 896 1662 contra
917 1603 962 1661 Μ.
976 1602 1016 1660 Τ.
1030 1603 1214 1663 Ciceronem.
1251 1603 1295 1660 M.
1311 1599 1353 1658 T.

297 1696 446 1756 Ciceronis
467 1697 560 1756 oratio
580 1708 682 1756 contra
705 1699 741 1758 C.
757 1697 894 1775 Crispum
919 1697 1098 1758 Sallustium.
1139 1686 1277 1772 Ejusdem
1291 1714 1357 1754 nra·

242 1784 249 1791 ’
297 1790 389 1850 tiones
404 1802 529 1870 quatuor
541 1803 645 1851 contra
659 1795 693 1852 L.
709 1793 872 1853 Catilinam.
913 1793 1003 1852 Pnrtii
1025 1793 1157 1852 Latronis
1181 1791 1355 1851 declamatio

295 1896 398 1946 eontra
423 1888 456 1946 L.
479 1889 642 1948 Catilinam.
679 1888 836 1949 Orationes
849 1890 985 1968 quaedam
1010 1909 1045 1947 ex
1068 1890 1148 1948 libris
1173 1888 1354 1954 historiarum

295 1983 332 2044 C.
348 1983 446 2061 Crispi
468 1984 608 2043 Sallustii.
654 1985 687 2042 ln
702 1983 779 2047 tina:
801 1985 957 2054 ‘Basileaa
975 1983 1004 2042 in
1024 1983 1137 2042 aedibus
1159 1982 1269 2040 Andrae
1284 1983 1357 2042 Cra·

297 2079 404 2149 tandri,
420 2098 518 2138 manse
539 2079 696 2157 Februario
715 2083 802 2140 Anno
826 2083 991 2142 ra.n.xx1.’
1011 2079 1355 2139 a.-PanzerT0m.v1.

297 2189 366 2253 pag.
382 2183 452 2234 aaa.

257 2300 299 2319 υ-
310 2270 348 2328 C.
363 2269 460 2345 Crispi
473 2270 599 2327 Sallustii
612 2269 650 2327 de
664 2268 866 2343 conjuratione
880 2269 1023 2340 Catilina,
1037 2278 1068 2331 st
1076 2268 1152 2327 bello
1162 2270 1179 2328 J
1183 2267 1354 2345 ugurthino,
1414 2275 1422 2291 '

297 2362 436 2431 historia,
452 2381 543 2438 nuper
563 2363 601 2420 ad
621 2366 803 2442 archetypon
817 2365 886 2423 Aldi
901 2366 1027 2425 Manutii
1041 2386 1127 2443 quam
1140 2363 1356 2442 vigilantrssinre

294 2456 456 2515 emendare
469 2476 505 2514 ac
519 2458 678 2534 impressas.
715 2461 748 2515 ln
765 2459 838 2517 fine:
863 2461 1006 2519 ‘Viennae
1021 2461 1177 2520 Pannonias
1197 2479 1251 2536 per
1270 2460 1357 2516 loan-

296 2568 363 2609 nem
379 2552 571 2628 Singrenium.
617 2547 756 2630 Expensis
772 2556 861 2613 Lucae
875 2556 1023 2614 Alantsee.
1059 2557 1175 2613 Octavo
1190 2554 1253 2613 Cal.
1269 2552 1354 2611 Maii.

258 2678 262 2683 ·
296 2646 385 2705 Anno
411 2648 531 2709 Domini
560 2655 726 2709 ra.n.xxr.'
754 2651 915 2711 4.-Deuis
948 2651 1045 2709 Wiens
1078 2649 1209 2709 Buchdr.
1238 2650 1354 2709 Gesch.

297 2760 364 2819 pag.
380 2752 449 2802 221.

257 2838 345 2896 ——C.
361 2837 456 2914 Crispi
471 2839 598 2896 Sallustii
622 2839 732 2897 Bellum
758 2839 969 2899 Catilinarium.
1013 2843 1085 2900 Item
1109 2843 1221 2901 Bellum
1246 2843 1355 2920 Jugnr-

260 2964 265 2981 ·
297 2931 408 2991 tisinum
433 2933 573 3008 ejusdem.
618 2933 709 2992 ludex
732 2942 874 3012 praeteroa
895 2955 1007 3004 eorum,
1032 2957 1099 3014 quae
1122 2958 1158 2995 ex
1185 2939 1241 2996 hoc
1264 2956 1355 3013 opera

295 3028 414 3087 veniunt
428 3038 529 3087 notatu
549 3040 767 3107 memoratuque
789 3031 886 3109 digna.
909 3034 1102 3109 Argentorati.
1137 3035 1170 3090 ln
1186 3034 1260 3091 line:
1282 3041 1290 3066 ⁴
1307 3033 1354 3090 Ex

260 3144 275 3173 .’
289 3122 412 3199 'pfficina
423 3123 572 3182 Hulderici
586 3127 738 3186 Morlrartli
753 3129 856 3188 Mense
869 3133 1003 3207 Augusto
1019 3132 1158 3187 naum!
1172 3129 1356 3187 4.·-Panzer

284 3217 383 3278 Tum.
400 3234 449 3276 rx.
464 3239 530 3295 pag.
548 3229 616 3286 571.

257 3345 298 3361 -·
312 3313 347 3371 C.
365 3315 457 3392 Crispi
472 3316 589 3374 Salustii
610 3337 696 3394 opus,
716 3339 782 3377 cum
807 3319 1020 3378 commentariis
1033 3319 1120 3376 Laur.
1136 3318 1236 3386 Vallae,
1251 3319 1357 3379 Omni-

298 3410 368 3469 boni
383 3413 537 3471 Moniceni
563 3423 593 3472 et
613 3415 677 3472 lod.
702 3415 785 3472 Badii
805 3414 938 3473 Ascensii
963 3415 990 3470 in
1012 3411 1233 3487 ejusdembello
1249 3413 1357 3471 Catili·

297 3507 399 3565 uarin:
422 3508 451 3566 in
463 3509 544 3567 netto
559 3529 627 3568 vero
639 3510 813 3586 iugurthino
825 3511 873 3569 Jn.
889 3509 1039 3586 chrysost.
1054 3506 1143 3574 Soldi,
1158 3507 1356 3586 ejusdemque

297 3599 448 3658 Asceusii:
470 3605 618 3663 accedunt
641 3606 706 3664 alia.
725 3606 860 3675 venetiis,
875 3624 927 3682 per
941 3603 1120 3662 Bernardum
1135 3604 1220 3662 Vlani
1234 3605 1354 3662 Vercel-

269 3689 273 3698 ‘
296 3689 414 3747 lensem.
432 3694 676 3756 Ful-Biblioth.
692 3700 838 3760 limtinck.
875 3701 953 3759 Part.
971 3717 1025 3759 111.
1040 3720 1108 3776 pag.
1123 3698 1172 3759 36.
1188 3719 1217 3757 n.
1233 3707 1302 3758 300.

257 3783 403 3859 ..Crisp
419 3785 582 3844 Sallustius.
614 3792 776 3861 Selestadii,
802 3794 830 3850 iu
855 3795 968 3851 aedilrus
990 3795 1092 3853 Lazari
1113 3794 1266 3853 Schnrerii.
1281 3804 1354 3853 4.—

298 3881 407 3936 l’anzer
419 3878 508 3936 Tum.
524 3896 602 3939 vul.
617 3902 685 3959 pag.
701 3893 771 3954 292.

259 3974 535 4051 1622Antwespiae.
552 3986 580 4035 4.
653 3984 655 3989 ’

191 4096 198 4108 ·
255 4076 335 4126 11523
350 4070 386 4128 C.
400 4071 505 4148 Crispi
528 4072 656 4132 Sallustii
680 4074 717 4133 de
742 4077 945 4154 conjuratione
968 4069 1112 4139 Catilinas.
1148 4079 1286 4156 Ejusdem
1313 4080 1353 4138 de

296 4160 374 4220 bello
399 4168 584 4243 Jugurthinn,
607 4174 666 4230 διο.
714 4173 864 4245 ‘Parisiis,
899 4175 1064 4234 excudebat
1098 4173 1169 4231 Sim.
1202 4173 1352 4232 Colinaeus
