3000 5040
205 363 279 436 m
558 383 667 434 nonar
689 384 891 443 vapronurr
915 384 956 436 m

208 529 295 580 bibax
307 529 395 579 neseio
407 526 509 594 lqatbue
530 528 603 578 libris
614 530 740 591 inserere,
812 530 859 581 Cui
876 529 984 580 Seleucia
993 528 1219 593 masten]
1242 530 1309 584 ‘80

209 611 370 672 repugnante
379 606 517 655 sententia.
535 607 635 655 Persea.
777 606 862 656 lancia
871 606 1009 668 Elimaidis,
1025 606 1140 656 Persium
1151 606 1263 670 regionis
1274 607 1314 656 ei·

231 682 326 732 Fruar
339 683 456 746 Oceanus]
473 682 612 746 Dionysias
621 683 741 733 Halicar-
779 684 861 733 uitas.'
876 684 943 733 Plin.
961 684 1029 734 ltsnr
1041 683 1204 748 Comagena,
1214 683 1246 732 ad
1258 685 1310 735 Ea-

210 772 280 809 nsss.
308 759 447 808 ‘Romana
473 759 536 808 urbs
561 760 671 823 imperat
692 761 747 819 toti·-
779 759 897 822 pbretcm
921 756 1027 808 fluvium
1055 759 1186 820 Straboni,
1208 759 1323 814 Plinius.

210 843 297 897 temes,
307 851 358 900 qna
375 835 479 899 quidem
491 836 684 886 inaccessanon
696 837 742 897 sit,
779 849 835 885 eam
853 835 1008 886 Parmam
1026 835 1199 898 cognominat,
1215 841 1242 884 et
1259 835 1316 885 Ba·

208 910 392 975 habitaturque
413 911 445 960 ab
462 911 624 972 homiuibuu
647 902 696 960 sed
713 909 748 960 et'
779 910 907 973 bylonlam
923 925 1023 975 quoque
1043 910 1130 960 vocari
1147 909 1226 962 addit.
1259 910 1314 959 Ba-

210 987 261 1037 toll
280 988 344 1036 mari
365 988 486 1050 imperat,
506 1001 556 1036 non
578 987 659 1037 solnm
681 987 747 1039 hnic}
779 986 846 1036 obad
872 986 964 1050 Nigro,
985 987 1068 1036 Mosal
1088 986 1171 1036 Musio
1193 986 1308 1037 dicitur:

209 1064 281 1114 iarn
307 1065 437 1114 columnas
455 1065 609 1125 Herculeas,
625 1064 671 1114 sed
694 1063 747 1126 ipsi
779 1061 991 1124 Baadraautem,
1010 1063 1123 1112 Pinetor
1142 1063 1242 1114 Novem
1265 1063 1310 1113 Se·

211 1136 328 1201 Mauo,
349 1148 504 1204 quacunque
527 1146 569 1190 est
584 1138 743 1203 navigabilis,
778 1137 874 1188 leucius
892 1137 1038 1188 extraxisse
1065 1138 1201 1187 Seleucum
1220 1136 1311 1188 Antio·

212 1213 367 1271 Ruminae
390 1229 424 1264 nr
444 1228 513 1265 suun
538 1215 571 1264 ab
590 1214 671 1263 amalr
694 1215 743 1263 arvi
780 1213 1011 1265 chiflliumauctor
1032 1220 1072 1264 est
1088 1214 1202 1279 Appian.
1220 1214 1247 1266 iu
1263 1215 1316 1278 Sy·¹

210 1292 464 1341 emorialermlnos
473 1291 520 1340 sibi
532 1292 657 1355 potentia
667 1289 748 1352 serias
781 1291 865 1341 riaeis.
1310 1326 1316 1343 -.

212 1366 348 1426 Orientem
358 1375 385 1416 et
395 1368 540 1417 Occursum!
605 1390 608 1396 Δ
812 1367 931 1432 Seleucia]
950 1369 1009 1418 Non
1020 1368 1100 1417 semel
1111 1367 1154 1417 illa
1164 1368 1234 1432 apud
1247 1368 1314 1417 auti·

222 1442 513 1508 mimatensium]
538 1444 569 1492 Id
589 1451 637 1505 est,
657 1441 743 1490 Armis
780 1454 845 1508 quos
874 1457 933 1493 cam
962 1443 1097 1506 Babylone
1124 1443 1312 1497 confunditur:

211 1520 619 1584 qauitum,autperinjuriam:
636 1518 743 1582 idquod
780 1520 875 1585 qnippe
897 1519 1024 1571 Seleuciae
1047 1520 1181 1570 vicinitate
1199 1521 1319 1584 Babylo.

211 1596 313 1660 hspldo
336 1597 473 1659 Philippus
493 1595 628 1658 objecerat
646 1610 725 1660 supra
735 1612 748 1656 ς.
781 1609 839 1646 uem
849 1595 1000 1646 exhaustam
1011 1595 1111 1645 Plinius
1127 1594 1192 1645 dicit
1208 1595 1232 1644 in
1252 1596 1322 1649 solb.

211 1670 605 1722 erroneae-nicaphorusine
618 1686 746 1736 reponcn-
781 1672 897 1722 tudinem
910 1673 1026 1722 rediisse.
1060 1674 1118 1722 Nec
1137 1674 1219 1722 multo
1236 1673 1317 1740 aliter

212 1745 270 1810 das,
289 1755 317 1797 ut
337 1747 401 1798 liat:
417 1748 477 1797 ⁴Nisi
497 1749 571 1797 armis
589 1754 685 1812 portum
702 1749 749 1796 lru·-
781 1749 875 1799 Strabo
899 1749 916 1798 l.
945 1759 1003 1798 xvr.
1029 1749 1188 1812 ‘Babylonis
1210 1756 1312 1812 partem

211 1822 273 1874 brer.
307 1824 343 1872 Et
361 1830 435 1873 certe
452 1824 501 1874 lroc
512 1824 593 1874 altero
604 1822 649 1874 iilo
663 1825 744 1875 multo
781 1824 1026 1886 consonuerunt,
1042 1830 1142 1887 partem
1155 1825 1315 1888 consumpsit

212 1900 382 1949 numerosius.
399 1901 491 1950 Doara.
782 1908 893 1966 tempus,
915 1909 1015 1964 partem
1035 1900 1208 1951 Macedonum
1235 1901 1319 1965 aegii,

223 1973 376 2035 :Coniuged
403 1975 528 2037 Verbum,
545 1977 664 2039 mrp'ager,
692 1990 744 2028 uon
781 1977 1032 2043 geutimpraesertim
1045 1984 1178 2041 postquam
1189 1976 1317 2033 Seleucus

213 2050 273 2110 alio,
285 2064 361 2115 quarn
374 2049 406 2098 ad
418 2057 522 2113 raptum
534 2052 687 2101 Sabinarum
704 2069 745 2104 re·
781 2052 898 2102 Nicanor
914 2053 1059 2102 Seleuciam
1075 2052 1107 2100 ad
1124 2052 1215 2114 Tigrin
1226 2051 1315 2108 condi,

213 2123 306 2176 femur.
340 2126 464 2188 Galgalos
481 2125 558 2175 etiam
584 2127 652 2190 apud
671 2129 745 2177 'l'aci-
782 2127 829 2185 dit,
841 2127 932 2178 stadiis
948 2137 1049 2180 tantum
1066 2129 1315 2193 trecentisaBaby-

214 2208 268 2252 tam
283 2202 372 2251 lurica
384 2201 745 2266 Agricola,Raptoresorbis
781 2204 986 2253 lonediseitarn!
1020 2205 1087 2254 Haec
1104 2205 1157 2254 ille.
1184 2204 1320 2270 laquem

214 2278 332 2343 appellat
341 2280 478 2328 Romanos.
502 2279 583 2327 Ursin.
782 2279 921 2343 Babylonis
939 2295 1003 2343 opes
1024 2287 1053 2330 et
1075 2295 1168 2329 nomen
1190 2281 1317 2331 suecessit

223 2355 431 2404 aerumma
449 2354 512 2403 orbis
529 2357 658 2420 terarum]
675 2356 745 2408 Quid
783 2356 911 2420 Seleucia,
929 2371 987 2420 qua
1010 2370 1061 2406 nou
1079 2357 1161 2407 solum
1172 2355 1315 2420 Babylonia

208 2427 236 2480 d
247 2429 372 2494 kaurno,
384 2428 470 2479 Perti?
486 2429 535 2478 hoc
544 2436 593 2491 est,
604 2430 747 2480 exitiosius
783 2432 826 2496 (ut
834 2432 903 2495 apud
914 2432 1027 2481 Plinium
1047 2437 1074 2482 et
1089 2433 1152 2481 alios
1164 2433 1318 2495 διωφιτικός,

211 2504 239 2556 ia
252 2513 353 2569 pestem
370 2513 448 2571 atque
464 2507 606 2569 perniciem
614 2507 685 2556 orbis
695 2515 747 2557 ter·
784 2508 846 2572 quia
867 2522 919 2557 non
941 2522 992 2556 aaa
1013 2505 1066 2556 luit
1083 2506 1213 2566 Seleucia)
1232 2508 1317 2556 sedet

215 2595 252 2630 ro
261 2590 410 2645 procreatos
427 2597 443 2632 a
454 2583 579 2632 Romanis
590 2583 711 2633 videlicet
720 2584 747 2632 in
784 2582 904 2646 Babylon
914 2582 1047 2646 appellata
1056 2590 1105 2642 est,
1115 2582 1192 2631 sicuti
1207 2583 1316 2645 Stepha-

216 2657 369 2706 scrritutem
379 2657 488 2706 redacti.
507 2660 600 2708 Doara.
785 2672 832 2705 nus
843 2659 876 2707 de
887 2658 1000 2707 Urbibus
1011 2658 1135 2716 ostendit,
1154 2671 1211 2704 cum
1230 2657 1294 2705 dicit
1307 2674 1314 2707 r

223 2732 361 2792 errabant,
385 2736 547 2796 excidonlpue,
572 2736 705 2798 orauiuqee,
722 2741 745 2785 et
785 2735 897 2790 Βαβυλὼν
908 2733 1009 2797 Περσικὴ
1025 2731 1102 2790 πόλις,
1115 2732 1256 2795 μητρόπολις
1274 2739 1316 2783 Ee·

213 2807 317 2864 maine
334 2822 417 2870 regnu,
434 2809 531 2858 bertilia
553 2810 651 2873 ducunt]
680 2813 747 2862 Hac
784 2807 1015 2869 λευκίακαλουμένη.
1032 2808 1316 2872 EnBabylonisiprum

214 2885 303 2950 verba,
314 2901 346 2936 ex
363 2887 454 2936 eadem
466 2902 568 2953 quoque
579 2890 700 2953 epistola,
709 2893 755 2941 ita·
785 2901 877 2935 nomen
888 2884 1009 2934 Seleucia
1019 2883 1150 2932 tributum.
1168 2885 1227 2935 Quo
1236 2887 1315 2936 etiam

214 2963 241 3012 iu
262 2976 303 3011 ru.
321 2978 360 3013 ec.
383 2964 521 3026 leguntur:
551 2967 666 3029 Troiiam,
682 2969 746 3017 cxci.
784 2958 1315 3012 reserendahaseSidoniicermina:‘Nou

214 3039 282 3100 deut,
296 3041 418 3102 omniaque
440 3055 486 3090 acu
506 3057 583 3103 serre,
603 3049 626 3092 et
645 3044 748 3094 maxime
785 3044 886 3089 coctam
911 3036 1049 3100 Babylona
1072 3035 1224 3101 personabo,
1249 3038 1315 3090 Qua

213 3115 497 3175 mbostdiodueont.
530 3120 747 3170 Quaelcctionon
784 3116 884 3179 largum
900 3112 979 3164 fluvio
996 3122 1087 3177 palens
1104 3115 1318 3177 alumno,1nclu-

216 3187 355 3252 displicet;
381 3207 439 3241 nam
462 3196 539 3257 paulo
561 3211 639 3260 supra
660 3197 746 3247 dixit:
785 3209 841 3244 sam
852 3193 918 3243 bibit
928 3192 987 3241 lriuc
998 3199 1026 3240 et
1042 3191 1219 3254 ludeTigrin!
1254 3192 1318 3242 Por·

215 3265 290 3326 (Me,
301 3268 361 3328 qrria
371 3266 441 3316 sarna
458 3276 516 3317 erat
536 3270 653 3332 divitem,
663 3286 747 3336 neque
787 3285 815 3320 ro
826 3270 852 3319 in
864 3269 964 3332 eodem,
986 3283 1036 3333 quo
1058 3268 1177 3318 Seleucia
1193 3268 1259 3328 loco,
1275 3270 1319 3320 vel

215 3339 369 3389 servituram
382 3344 448 3403 esse,
459 3358 506 3405 per
516 3346 683 3396 Nicomedem
697 3349 748 3398 bel·
785 3354 859 3397 certe
867 3349 892 3396 in
903 3346 1031 3411 proximo,
1040 3342 1147 3407 Bagdad
1157 3344 1319 3407 postmodum

215 3415 453 3468 minoraverunt!
486 3419 569 3466 Panlo
592 3432 651 3482 post
671 3425 747 3473 Fabr-
786 3423 914 3474 canditum
932 3420 1010 3471 luisse
1022 3426 1136 3483 oportet,
1150 3432 1209 3468 cum
1222 3430 1319 3468 utram·

215 3505 264 3542 uns
275 3491 396 3554 legebat:
423 3491 560 3554 ‘Regnum
578 3494 691 3542 Persidis
710 3499 746 3546 ln·
787 3501 975 3563 qnerdripam
986 3498 1098 3562 Tigridis
1117 3505 1144 3545 et
1164 3496 1220 3545 fere
1235 3497 1261 3545 iu
1278 3512 1318 3546 ea-

216 3568 315 3616 olutum
334 3566 448 3627 divitiis:
465 3581 527 3630 aon,
544 3569 646 3632 iuclytis.
679 3570 747 3620 Item
787 3576 872 3622 derna
890 3576 981 3623 Veteri
990 3575 1123 3637 Babylone
1136 3572 1259 3621 distantia
1274 3573 1318 3622 de-

215 3642 418 3692 menecea:
439 3643 507 3697 Quod
524 3644 585 3692 lauri
601 3646 749 3710 diffieileert,
787 3647 903 3697 scribent
921 3649 1078 3711 Geograplri.
1112 3648 1179 3696 Nam
1202 3656 1321 3707 trecenta

216 3730 264 3783 pro
273 3732 305 3769 ec
315 3718 391 3782 quad*
400 3720 477 3782 vulgo
494 3720 597 3784 legitur,
616 3725 678 3783 quod
687 3724 748 3788 diffi·
786 3726 830 3775 illa
840 3726 933 3786 stadia,
954 3726 1045 3791 quibus
1058 3741 1073 3774 a
1086 3725 1219 3788 Babylone
1230 3728 1319 3791 Seleu·¹

216 3795 261 3844 era
271 3797 318 3843 aori
327 3799 371 3842 cal·
387 3793 475 3841 Ursin·
494 3837 497 3842 .
787 3803 853 3851 ciam
864 3803 962 3851 distare
973 3802 1065 3851 scribit
1074 3798 1176 3861 Strabo,
1193 3809 1253 3851 sunt
1264 3804 1320 3853 mil·

250 3870 307 3918 Non
325 3883 391 3918 mvl
410 3874 433 3916 tl
455 3884 563 3917 mulne
578 3872 662 3934 rem]
679 3874 749 3925 Quid
786 3880 858 3929 liaria
870 3896 949 3945 prope
962 3892 1085 3928 xxxvrrr.
1098 3878 1124 3926 id
1136 3888 1186 3943 est,
1199 3882 1322 3935 diurnum

215 3943 290 4006 lllud,
301 3944 371 4009 qnod
382 3945 408 3993 in
421 3944 491 3992 libris
506 3947 624 3995 omuibus
636 3950 747 4012 legitur?
787 3956 849 4006 illud
862 3958 913 4006 iter
924 3955 1075 4019 Bagdadum
1090 3964 1118 4004 et
1130 3958 1223 4007 rudera
1234 3958 1319 4022 Baby.

217 4022 339 4085 ΜΨ
357 4037 403 4071 m
425 4036 491 4071 ἘΜ
511 4027 533 4070 ll
556 4024 659 4074 mmm
675 4041 749 4087 regna
787 4032 1024 4095 louisinterjcctum
1031 4031 1109 4092 juxta
1118 4034 1264 4096 Texeiram,
1273 4038 1319 4100 qui

218 4095 428 4147 mittaturne:
444 4097 493 4146 alsi
510 4096 591 4159 forte,
610 4116 655 4149 nra
674 4118 749 4165 serre,
787 4106 1003 4157 exEmircbonrlo
1023 4107 1161 4157 Persarum
1183 4100 1322 4165 Historiae¹

122 4223 124 4225 ,
218 4186 266 4234 pro
288 4174 319 4222 iis
339 4189 397 4236 qaae
416 4173 583 4238 liberasum,
604 4179 748 4246 nulliusque
787 4184 940 4235 testimonia¹
956 4197 1057 4246 quoque
1076 4184 1108 4232 de
1120 4185 1318 4247 ejusdcmurbis

218 4246 590 4316 animumanimumum
608 4256 701 4308 Carrio.
788 4260 839 4311 situ
850 4260 876 4309 in
887 4258 999 4310 medium
1012 4257 1118 4323 profert.
1137 4260 1253 4313 Beckeri.
