3000 5040
539 361 788 433 resonanti,
828 371 901 420 orn.
926 372 968 423 n.
1234 357 1299 424 703

233 513 272 562 Ns
288 511 332 560 ilio
350 509 431 574 isare]
448 511 606 562 Partienlsm
625 525 731 575 supro,
766 509 949 562 suitiuelusos.
981 512 1300 578 Itaqueinrlenaviqioad

200 590 293 650 meu,
310 589 419 651 positam
439 588 536 638 docent
551 587 730 638 Grammatici.
768 589 890 638 Cocalum
905 588 1001 639 Siciliae
1023 604 1110 653 regern
1131 604 1158 639 se
1177 591 1297 641 contulit.

200 663 244 712 Sic
263 663 389 727 Apulejur
405 662 532 726 Apologia
552 677 570 712 1.
596 666 604 691 ⁶
625 662 663 711 At
682 676 730 724 ego
767 665 847 713 Plura
858 666 975 726 Tsetaes,
986 664 1128 714 Pausanias
1140 666 1165 714 in
1178 666 1301 716 Achaicis

200 738 344 801 AEmiliauo,
366 752 417 787 non
438 739 496 787 huic
518 737 595 800 At'ro,
622 739 667 787 sed
693 736 731 786 illi
768 747 796 789 et
817 739 961 802 Areadieis,
978 741 1116 801 Diodorus,
1133 742 1297 804 Suiriar,alii.

201 812 323 863 Africano
335 820 363 862 et
383 813 552 874 Numantino,
565 823 592 862 et
602 819 731 875 praterea
768 817 894 865 Lucienus
910 817 934 865 in
951 818 1016 864 lihro
1028 819 1060 864 ‹le
1073 816 1220 880 Astrologis
1236 818 1299 867 seri·

201 889 321 938 Censorio
334 888 374 943 viu
385 888 550 951 crediderim,
561 903 593 939 ne
606 889 665 936 huic
677 885 730 936 fro·
767 891 806 941 bit
828 892 965 942 Daedalum
976 892 1056 941 luisse
1073 894 1298 955 Mathematicus,

200 965 245 1014 tiri
257 965 367 1028 credam,
378 981 431 1015 nou
449 967 525 1015 modo
540 967 627 1015 odium
640 981 731 1029 peeea-
766 977 793 1017 et
815 967 896 1017 iillum
916 969 1018 1018 icarum
1041 969 1159 1018 docuisse
1181 968 1298 1019 Astrolo-

199 1049 290 1102 torum,
299 1043 345 1092 sed
354 1042 446 1093 saltem
456 1042 615 1092 intellectum
627 1042 729 1092 inesse!
766 1046 842 1109 giam,
853 1046 898 1095 seo
910 1045 1081 1108 eumjuuenili
1094 1045 1186 1095 ardore
1198 1040 1297 1108 et'per·

203 1116 284 1166 Ursis.
766 1137 841 1170 suasus
852 1121 976 1170 doetrinae
992 1122 1086 1169 elatum
1100 1136 1115 1169 a
1127 1135 1197 1180 vero,
1208 1126 1236 1168 et
1251 1120 1297 1168 de-

208 1228 210 1232 >
232 1193 359 1241 Doedaiam
378 1207 409 1241 ex
425 1191 510 1241 Sicilia
526 1191 668 1256 profectam]
685 1193 730 1241 Vi·
765 1198 856 1246 cidisse
869 1198 894 1246 in
906 1212 976 1246 mare
991 1211 1076 1246 rerum
1093 1199 1223 1245 immensae
1236 1202 1300 1259 pro·⁴

199 1266 278 1316 detur
294 1283 326 1315 es
346 1268 454 1316 historia
470 1267 621 1331 legendum
641 1270 729 1317 Doeeia-
766 1272 907 1322 tirnditutis.
942 1272 1034 1336 Neque
1047 1286 1107 1320 vero
1122 1273 1203 1321 sulum
1219 1273 1297 1321 simu·

199 1344 247 1393 hm
257 1344 282 1391 is
297 1343 403 1392 Siliciom
414 1341 552 1405 profectam,
563 1359 615 1392 eum
628 1344 729 1405 illimis,
765 1348 834 1396 laura
845 1346 970 1409 iecit,sed
982 1348 1134 1410 praeclarum
1144 1362 1219 1410 opus,
1228 1362 1297 1396 com·

197 1422 238 1480 ic.
273 1419 421 1470 Herodotus
444 1419 461 1467 l.
481 1433 529 1469 vu.
562 1417 663 1478 uiperae
682 1419 731 1482 pap
766 1423 885 1485 puerilem
912 1422 1012 1482 sellam,
1034 1438 1091 1486 quae
1120 1422 1145 1469 in
1169 1421 1295 1471 Minervae

199 1493 263 1543 Miro
273 1493 335 1542 κατὰ
345 1493 446 1555 §irum
462 1491 581 1541 Δαιδάλου
591 1493 730 1552 ἀπικόμενον
765 1497 869 1544 delubro
881 1497 947 1557 apud
959 1496 1129 1545 Athenienses
1138 1497 1224 1546 dicata
1235 1496 1296 1547 fuit.
1317 1525 1321 1531 ,

199 1571 224 1620 is
248 1570 366 1633 Σικανίην,
385 1570 430 1628 τὴν
449 1572 489 1619 νῦν
513 1570 623 1628 Σικελίην
644 1580 729 1619 καλου-
765 1573 842 1621 Plato
858 1573 884 1620 in
904 1572 1017 1622 Menona
1030 1579 1214 1622 commemorat
1225 1588 1296 1638 que·

198 1644 338 1706 pinnam.
373 1647 448 1695 Unde
469 1650 494 1695 iu
513 1649 562 1696 alio
583 1646 729 1709 fragmento
765 1648 824 1696 dam
843 1647 944 1695 Daedali
966 1646 1104 1708 ἀγάλματα,
1127 1664 1184 1714 quae
1208 1651 1296 1700 solnta

199 1730 256 1774 est:
273 1722 419 1773 ‘Aristaeus
436 1739 494 1772 eum
511 1725 622 1774 Daedalo
635 1726 660 1773 iu
672 1726 729 1773 Sar·
765 1721 1190 1783 aufugiunt,seduinetamaoeut.
1218 1723 1295 1774 Unde

198 1799 436 1853 oiniumtransivlr:
465 1802 522 1850 Nisi
534 1800 603 1849 sorte
614 1800 729 1849 dicamus
764 1799 884 1849 Socrates
912 1798 981 1860 apud
1015 1799 1125 1848 eundem
1158 1800 1184 1847 in
1223 1799 1298 1848 Enri-

199 1875 336 1925 Doedalum
356 1875 382 1922 in
402 1875 515 1922 Siciliam
533 1876 616 1937 primo
630 1873 729 1938 proiec-
765 1875 862 1936 phrone
890 1885 1042 1937 argumenta
1060 1890 1109 1923 non
1130 1874 1297 1925 consistentia

199 1959 264 2012 turo,
283 1966 315 2000 ex
335 1951 421 2000 Sicilia
439 1966 528 2003 rrrrsus
548 1951 573 1999 iu
594 1950 728 2014 Iapygiam
767 1950 1295 2013 Darlaleisoperiisusviderisiusiliadieit.

199 2026 495 2089 Apuliaeeoutermiuam
509 2027 616 2077 uenisse.
644 2027 728 2077 Quam
798 2026 891 2089 Minos]
914 2029 998 2076 Cretae
1019 2042 1073 2084 rex,
1093 2028 1136 2091 qui
1155 2027 1295 2078 Daedalum

196 2117 259 2151 sane
270 2116 285 2150 a
296 2102 393 2166 Iapyge
402 2103 457 2165 ejus
466 2102 517 2152 lilio
529 2103 624 2153 dictam
632 2103 728 2153 docent
764 2102 845 2151 clarae
856 2111 1006 2166 persecutus
1024 2103 1054 2151 ad
1068 2104 1189 2153 Cocalum
1198 2102 1294 2152 Siciliae

197 2177 288 2228 Graeci
297 2179 449 2240 scriptores,
468 2184 494 2227 et
511 2177 644 2228 confirmat
655 2179 727 2229 Gren-
764 2191 861 2241 regern,
870 2179 998 2228 ahCocali
1009 2178 1107 2227 filiabus
1119 2179 1210 2227 calidis
1219 2178 1294 2241 aquis

197 2266 255 2303 enm
268 2260 342 2301 vetars
363 2253 489 2301 numisma
508 2254 533 2302 in
550 2252 646 2316 Apulia
658 2253 725 2318 apud
765 2269 811 2317 per
822 2262 900 2318 eaput
912 2253 1001 2309 infusis
1014 2256 1144 2302 extinctus
1155 2260 1202 2302 est.
1227 2253 1295 2301 Mul·

196 2328 314 2378 Daunius
333 2328 461 2390 signatum
474 2326 552 2391 Arpis
571 2329 626 2376 sive
643 2328 726 2391 Argy-
765 2337 792 2378 ta
812 2329 845 2376 de
864 2344 895 2377 eo
917 2328 1083 2389 Plutarchus,
1104 2327 1247 2376 Pausanias
1267 2326 1296 2374 in

196 2405 288 2469 rippa,
305 2407 331 2455 in
351 2407 424 2469 cnjus
444 2407 527 2454 altera
545 2414 618 2468 parte
631 2407 726 2455 alatum
765 2402 896 2464 Achaicis,
916 2403 1024 2452 Diodor.
1047 2403 1156 2464 Siculus,
1175 2400 1297 2451 Herodo-

197 2480 312 2545 lapygis,
332 2482 385 2530 sive
405 2481 484 2541 Icari,
503 2481 604 2529 nadair
622 2480 727 2541 iiiii,si-
766 2480 879 2529 rusaio.
1194 2509 1200 2516 ·

197 2557 337 2605 mulacrum
357 2571 508 2619 expressum
528 2564 578 2618 est,
598 2556 623 2605 in
645 2556 728 2605 altera
797 2555 926 2618 Bithynia]
942 2554 1043 2616 Bremia,
1055 2555 1124 2605 Asia
1134 2555 1243 2604 Minoris
1255 2568 1294 2604 re-

198 2630 345 2679 Diomedeae
366 2645 426 2680 aves
447 2631 513 2688 dua,
530 2644 561 2679 ea
583 2630 659 2693 plane
677 2645 728 2695 qua
764 2628 815 2692 gio.
834 2630 887 2678 Per
898 2631 920 2679 ei
931 2631 957 2678 in
969 2630 1091 2692 secunda,
1099 2643 1216 2678 nummus
1228 2629 1294 2678 anti·

199 2705 296 2755 Plinius
309 2706 389 2754 etalii
408 2705 514 2754 tradunt
525 2702 615 2764 fornia,
627 2705 729 2754 Diome·
764 2718 828 2767 quus
840 2705 963 2754 Hadriani
976 2706 1043 2768 Imp.
1060 2704 1147 2754 habet.
1159 2704 1197 2753 sic
1209 2701 1293 2753 etalii

197 2782 337 2831 disurnam
356 2782 537 2846 sepulcralem,
556 2787 586 2831 ut
602 2781 671 2830 idern
690 2781 727 2830 ait
764 2794 873 2843 quoquo.
908 2781 973 2831 llaee
990 2781 1050 2829 olim
1070 2778 1292 2843 Mygdoniam,-

197 2857 306 2920 Plinius,
324 2857 583 2920 eircurnslantes,qui
600 2856 726 2920 Argyrip·
763 2856 835 2917 isaia,
870 2862 898 2905 et
922 2857 1050 2919 Bebrycia
1078 2854 1199 2919 lieiipuuia,
1221 2853 1293 2916 dieta

197 2949 237 2998 pn
249 2936 367 2984 conditor
379 2935 482 2983 dieitur.
519 2935 600 2983 Ursis.
762 2931 963 2994 aliquociens
975 2932 1103 2994 Capellae:
1116 2932 1179 2979 item
1191 2929 1294 2992 Cronia,

229 3011 353 3074 Doeduius]
371 3011 420 3060 llio
439 3010 545 3071 insignis
556 3008 606 3058 soit
624 3009 725 3058 Mathe·
766 3008 905 3068 lllalianrie,
927 3006 1080 3070 Strymonis,
1105 3014 1133 3054 et
1160 3004 1293 3055 Thessalis
1381 3040 1384 3045 -

196 3088 302 3137 matieua
320 3094 348 3136 et
366 3087 516 3146 statuarius,
535 3084 726 3134 artificumom·
763 3082 856 3131 Plinio.
880 3082 1017 3143 Phrygiam
1029 3079 1294 3142 Majoremroratam,

196 3161 266 3211 nium
277 3176 329 3209 snae
343 3160 427 3209 astatis
441 3159 666 3221 ingeniosissimus,
676 3159 727 3221 pri·
763 3158 826 3206 dicit
851 3157 987 3205 Sallustius
1015 3154 1083 3217 apud
1108 3153 1234 3215 Servium,
1258 3153 1292 3203 aei

196 3251 302 3299 masque
329 3235 439 3284 omnium
463 3234 520 3283 vela
548 3241 726 3282 etantennas
763 3234 862 3283 AEueio.
882 3247 906 3281 v.
940 3232 1002 3295 Ejus
1022 3231 1117 3280 incolas
1137 3230 1292 3294 Haiywnas,

196 3314 255 3363 navi
276 3312 425 3375 imposuisse
444 3309 553 3358 dicitnr:
571 3310 638 3356 rrnde
658 3306 725 3356 forte
762 3306 898 3373 (ᾰλαζόνις,
909 3314 949 3356 est
960 3308 985 3356 iu
996 3304 1105 3368 Graeeo)
1117 3305 1293 3357 voeatSuidas

196 3387 284 3438 subula
300 3390 396 3435 alarum
417 3384 536 3435 Daedali:
555 3398 612 3433 nam
630 3392 657 3432 et
669 3383 725 3431 Vir·
763 3393 791 3435 et
803 3384 959 3433 Herodotus.
976 3388 1003 3432 et
1023 3381 1090 3431 irlern
1105 3381 1171 3430 dicit
1185 3396 1229 3431 eos
1238 3381 1292 3445 pri·

196 3466 269 3529 gilius
292 3463 392 3527 inquit:
419 3466 426 3490 ⁶
446 3463 568 3511 Veiorum
591 3459 725 3523 pandimus
762 3475 830 3510 nrum
847 3460 1008 3523 Strymonius
1028 3455 1185 3523 (Στρυμόνιοι)
1196 3456 1291 3515 dietas.

196 3540 268 3590 alas!
307 3539 404 3588 Statius
425 3553 526 3603 qnoque
547 3535 725 3598 immobilibus,
761 3539 872 3605 Thynos,
898 3535 1049 3599 priusquam
1074 3547 1107 3581 ex
1137 3532 1240 3593 Europa
1263 3530 1292 3579 in

195 3619 290 3667 eliditis
306 3616 455 3681 quibusdam
477 3616 559 3664 iureis
580 3612 677 3673 effecit,
695 3620 725 3663 nt
763 3613 849 3662 Asiam
875 3610 1109 3671 transmigrassem,
1136 3605 1230 3666 dietus,
1249 3618 1292 3661 >en

195 3695 245 3744 hnc
262 3703 339 3757 alque
361 3693 421 3742 illue
444 3699 616 3741 morerentur.
658 3687 724 3737 Exul
763 3687 903 3752 Hesychia,
921 3692 948 3733 et
969 3683 1046 3732 Plinii
1066 3695 1094 3728 v.
1113 3684 1154 3729 s1.
1174 3680 1290 3730 docetur.

197 3769 231 3818 ob
248 3768 379 3830 dejectum
398 3775 468 3816 tecto
486 3780 532 3830 per
548 3763 670 3814 iuvidiam
686 3776 725 3811 so·
762 3761 890 3825 Bithynia
912 3774 948 3810 ea
966 3772 1034 3821 pars,
1053 3771 1110 3818 qrrae
1133 3760 1236 3818 speelat
1258 3753 1292 3816 all

196 3848 262 3898 roris
282 3862 334 3895 sua
355 3848 472 3896 Perdicis
497 3845 589 3904 tilium,
608 3844 633 3891 in
662 3843 723 3890 Cre·
761 3838 874 3887 Pontum
896 3836 1021 3887 Euxinuru
1043 3848 1058 3882 o
1080 3830 1187 3895 Bospori
1208 3829 1292 3894 initio,

197 3931 249 3973 tarn
263 3923 294 3971 aul
308 3922 421 3970 Minoem
433 3936 460 3968 se
472 3921 579 3982 recepit,
598 3923 675 3980 atque
688 3915 724 3965 ihi
762 3913 794 3962 ad
804 3913 962 3962 Heracleam
972 3909 1065 3959 urbem
1074 3923 1162 3972 usque,
1174 3902 1292 3956 Asiatica

126 4000 128 4005 '
196 4000 391 4062 Labyrinthum,
412 3996 445 4045 ad
474 3994 587 4058 AEgyptii
615 3991 724 4048 formans
760 3988 877 4048 Thracia,
899 3995 965 4036 teste
989 3986 1172 4047 Xenophonte,
1194 3996 1291 4032 naraon·
1359 4056 1362 4060 Ι

198 4075 356 4134 construxit,
384 4071 521 4133 multiplici
549 4077 577 4118 et
604 4068 725 4130 iutrieata
762 4070 848 4126 patur.
880 4062 978 4111 Eadem
995 4059 1171 4118 Thracesiuru,
1188 4065 1218 4108 ut
1239 4058 1292 4115 En·

197 4152 293 4200 riarum
305 4147 479 4212 perplexitate
494 4143 724 4204 irremeabilemin
763 4139 870 4187 stathius
890 4137 936 4185 ait.
969 4137 1137 4197 Metapontus
1155 4132 1257 4182 ridetur
1274 4147 1291 4182 a

198 4240 249 4290 qua
267 4233 358 4290 postea
376 4224 433 4288 ipae
452 4234 503 4272 uua
515 4234 573 4273 cunr
586 4217 725 4270 learolilio
761 4213 875 4276 lustina,
885 4213 901 4263 1.
913 4225 968 4266 xus.
978 4209 1117 4266 nominaris
1143 4207 1292 4269 ubiserihit
