3000 5040
475 408 478 415 -
517 362 522 370 '
546 379 654 430 rora
677 377 881 427 vauronorr
904 377 944 426 ιιι

183 400 186 406 ·
199 368 267 436 '4OE

202 530 243 576 14.
260 523 526 575 Cornelium'racir.1.
539 535 602 571 xrrr.
627 523 730 570 Cicero·
767 523 924 584 eloquenter.
943 520 1055 572 Quintil.
1071 533 1111 572 ιι.
1124 526 1145 569 1.
1173 521 1297 570 Catonern

200 615 258 651 nem
271 602 287 648 i.
299 614 328 648 ιι.
346 601 379 646 de
395 600 514 660 Legibus,
528 600 653 647 AEmillum
667 600 730 646 Pro·
768 600 932 661 eloquentem
952 599 1104 644 Senatorem
1126 595 1206 644 furiare
1226 595 1300 645 dicit.

200 677 270 733 burn,
292 677 457 723 Plutarchum
477 690 501 722 ιιι
524 687 657 737 mnusque
670 676 732 733 vita,
768 674 840 721 idem
852 675 870 721 l.
882 686 909 720 rt.
922 672 954 720 de
974 674 1076 719 (lasura
1088 673 1123 719 ita
1134 672 1230 734 iuquit:
1250 671 1302 720 ‘C.

199 759 228 801 et
244 753 381 799 Merulam
399 754 576 801 Corvinmuin
595 752 681 800 libello
699 751 729 798 ad
767 762 828 795 vero
840 749 936 805 Caerar,
954 748 975 793 si
992 745 1047 794 l'oru
1061 754 1159 793 tanturn
1171 752 1301 807 vacuaret,

200 827 330 876 Coerarem
344 828 497 890 Augustum.
533 832 600 877 Cart.
767 838 815 872 uon
837 825 900 870 aliua
920 838 952 871 ox
970 824 1066 870 nostris
1089 831 1178 870 contra
1196 823 1300 870 Cicero·

231 903 312 962 AEtaa]
349 904 511 959 Plutarchus,
540 903 674 966 Appianua
703 909 730 948 et
765 914 824 948 uem
836 900 1026 947 nouriuaretur:
1045 902 1151 946 tantuin
1162 914 1193 945 eo
1204 900 1300 958 vireat,

199 977 366 1040 Tranquillus
379 979 504 1037 scribunt,
522 980 648 1027 Caesarem
660 976 729 1039 qnin-
766 976 790 1023 id
815 990 931 1030 acumen,
950 991 981 1022 ea
1005 975 1153 1033 concitatio,
1176 984 1203 1021 ut
1226 976 1298 1022 illum

200 1054 728 1117 quageauuoaextoaatatiaannoocciaum
766 1051 856 1099 eodem
877 1052 961 1099 auimo
982 1052 1085 1113 dirime,
1109 1066 1159 1113 quo
1183 1050 1299 1112 bellavit,

199 1126 292 1178 iniere:
311 1130 380 1193 quod
394 1133 414 1177 si
426 1133 461 1178 ita
477 1140 524 1190 eat,
536 1130 658 1178 Ciceroni·
670 1141 729 1175 con·
766 1134 899 1189 appareat.
935 1127 1049 1174 Exornat
1069 1126 1227 1176 tamcrthaec
1245 1140 1298 1174 orn·

199 1207 255 1254 aule
263 1208 351 1255 Caesar
361 1208 516 1269 trigesimum
527 1206 660 1265 septimum
670 1217 729 1264 age·
766 1203 809 1250 uia
820 1204 883 1250 mira
901 1204 1033 1262 sermonis,
1044 1205 1118 1265 cujus
1132 1204 1234 1264 proprie
1247 1210 1300 1250 atu·

200 1281 361 1330 batunuum.
397 1283 463 1330 Nam
474 1281 565 1329 Cicero
581 1280 667 1326 cunml
680 1276 729 1325 l'uit
765 1279 916 1340 diosnsfnit,
928 1278 1072 1330 eleuantia!
1090 1278 1221 1326 Ciceroad
1234 1279 1300 1326 Bru·

200 1370 267 1405 auno
286 1361 318 1406 al»
335 1360 404 1405 Urlrc
421 1357 525 1405 condita
543 1355 729 1403 sexcentesimo
766 1361 819 1402 tum
832 1363 946 1402 oratores
964 1368 1116 1402 enumerans
1128 1361 1244 1413 negatae
1262 1354 1287 1400 vi

200 1446 382 1494 nonagesimo:
400 1432 489 1479 Caeaar
503 1444 562 1477 vero
574 1429 729 1476 interfectus
766 1430 835 1491 dere,
847 1433 888 1479 cui
899 1432 988 1480 Caeaar
1000 1431 1095 1478 debeat
1112 1429 1205 1477 cedere
1219 1445 1225 1476 ε
1250 1427 1299 1475 ait·

200 1513 241 1554 eat
252 1521 317 1553 auno
334 1505 561 1567 septingentesimo
579 1520 654 1553 nono.
678 1506 729 1552 Ve-
766 1521 816 1571 que
829 1522 887 1555 eum
898 1509 1052 1569 elegantem,
1065 1505 1225 1568 splendidam
1236 1519 1300 1567 quo·

199 1581 295 1628 rumai
319 1586 406 1628 t'usar
426 1581 636 1644 quinquagesimo
655 1587 728 1629 texto
766 1597 816 1646 que
845 1598 875 1630 ac
903 1581 1063 1645 magnificam
1090 1597 1120 1629 ac
1148 1593 1298 1643 generosam

127 1708 129 1713 ‚
200 1655 285 1704 etatis
297 1670 362 1703 anuo
380 1657 466 1717 periit,
484 1672 599 1718 necesse,
617 1665 677 1706 ante
694 1659 730 1706 le-

197 1730 316 1793 gitimum
328 1742 428 1793 ternpus
441 1734 529 1781 consul
540 1732 629 1782 fuerit.
656 1734 729 1781 Tem·

197 1819 247 1868 pus
258 1807 325 1854 enirn
337 1808 478 1869 legitimum
498 1811 603 1872 petendi
615 1811 731 1858 consula·

198 1886 264 1942 tum,
282 1891 337 1932 erat
358 1899 437 1931 annus
450 1886 659 1947 quadragesimus
678 1893 728 1934 ter-

197 1956 265 2006 tina:
284 1959 352 2019 quod
375 1968 456 2019 patet,
477 1966 530 2007 tum
549 1975 582 2007 ex
600 1962 728 2010 Cicerone

197 2032 266 2085 Phil.
278 2039 302 2081 ὀ.
320 2045 373 2081 tum
390 2038 469 2082 etiam
490 2049 521 2082 ex
543 2050 665 2088 annorum
684 2052 728 2084 nn·

198 2123 270 2161 mero
282 2124 297 2156 a
309 2111 388 2158 natali
407 2112 449 2159 dic
470 2111 605 2159 Ciceronis
621 2112 653 2160 ad
667 2127 727 2161 con·

198 2185 324 2234 sulatum:
339 2201 413 2248 quern
424 2201 468 2234 suo
476 2199 502 2233 se
510 2194 728 2236 annoasaecutnm

198 2274 256 2322 erre
278 2262 368 2310 scribit
391 2263 445 2324 ipre
471 2263 585 2310 oratione
615 2264 728 2311 secunda

197 2345 290 2387 contra
318 2339 428 2387 Rullum.
471 2338 580 2386 Constat
605 2339 674 2386 eninr
695 2353 728 2386 ex

197 2413 729 2477 Gellio,CiceronemSerranoetCaepione

197 2489 346 2538 consulibus
357 2504 424 2537 anno
437 2489 468 2537 ab
479 2489 548 2538 Urbe.
558 2491 662 2539 condita
670 2494 727 2539 647.

198 2565 340 2613 antediem
359 2566 464 2613 tertium
483 2566 550 2613 Non.
562 2566 622 2615 Jan.
639 2573 727 2614 natum

197 2650 262 2684 erse.
305 2639 385 2686 Putet
406 2640 495 2700 igitur,
518 2640 647 2687 Caesarem
667 2648 727 2688 ante

196 2717 299 2771 ternpus
310 2713 409 2770 legibus
421 2713 589 2760 constitutum
599 2716 726 2762 consulem

195 2784 283 2835 fuisse.
302 2786 370 2848 quod
383 2784 492 2833 affirmat
504 2786 581 2833 etium
594 2785 727 2848 Appianas

195 2861 328 2912 Bellorum
348 2862 460 2910 civilium
485 2863 501 2910 Ι.
525 2874 567 2910 ιιι.
594 2876 682 2912 verum
704 2864 725 2910 is

198 2939 342 3000 pugnantia
364 2938 493 3001 loquitur:
526 2937 547 2984 si
567 2937 645 2999 eninr,
668 2953 726 2985 cum

196 3013 351 3064 interfectus
375 3023 423 3075 eat,
443 3018 483 3061 56.
512 3026 591 3060 annos
615 3013 726 3063 habehat

195 3089 296 3157 Cesar,
306 3089 420 3139 ἀδύνατον
436 3098 485 3148 eat,
498 3097 527 3138 ut
547 3089 638 3137 decem
655 3091 726 3138 annia

195 3172 257 3213 ante
269 3167 411 3228 legitimum
424 3174 525 3228 ternpus
541 3167 629 3215 consul
639 3166 728 3217 fuerit.

197 3239 266 3298 quod
279 3241 299 3285 ai
311 3241 367 3301 quia
384 3255 464 3288 annor
482 3243 680 3304 computaverit,
690 3244 726 3290 la·

196 3311 245 3362 cile
256 3322 403 3373 cognoscet.
431 3316 518 3363 Gessit
531 3318 597 3364 eninr
610 3321 725 3366 contula-

195 3378 250 3435 ¹tum
264 3388 350 3434 Caeaar
370 3403 436 3436 anno
456 3389 534 3436 Urbir
544 3390 656 3438 conditae
667 3396 724 3439 694.

194 3458 252 3508 lraec
262 3460 385 3509 adnotare
396 3462 482 3522 libuit,
495 3477 528 3511 ne
548 3465 604 3527 quia
618 3480 650 3514 ex
668 3468 725 3516 Cae·

194 3535 258 3585 tarir
283 3538 419 3586 consulatu
440 3539 524 3586 aetatia
550 3540 724 3601 conjecturam

195 3609 309 3661 faceret:
337 3627 397 3661 nam
424 3613 525 3676 legibus
552 3616 650 3663 uolutus
675 3626 724 3666 est.

196 3687 283 3737 Caesar
305 3688 386 3750 igitur
408 3689 533 3738 Cicerone
556 3691 661 3739 consule
683 3696 723 3741 87.

161 3755 164 3761 ’
195 3752 274 3811 Ιιιιιιιοι
288 3771 363 3812 natue
381 3773 447 3825 erat,
458 3766 524 3814 Coto
536 3780 597 3813 vcro
609 3766 666 3828 plus
678 3768 724 3814 mi-

195 3843 293 3888 nuata.
311 3853 376 3887 anno
396 3839 463 3886 enim
484 3839 517 3887 ab
537 3839 609 3888 Urbe
621 3841 725 3890 condita

195 3917 252 3962 707.
273 3913 338 3961 Cato
349 3912 396 3961 sibi
408 3920 517 3961 mortem
530 3915 614 3962 Uticae
627 3917 724 3965 cousci-

196 3989 330 4050 vit‚annoa
341 3996 415 4037 natus
429 3989 468 4037 vel
479 3994 519 4038 48.
541 3997 569 4036 ut
587 3991 642 4038 vuit
662 3991 723 4038 Plu·

196 4065 308 4126 turchos,
319 4067 360 4114 uel
369 4069 409 4113 49.
421 4073 449 4114 ut
464 4066 561 4126 Livius,
573 4066 615 4113 vel
627 4073 655 4113 ut
667 4066 722 4129 Ap·

196 4138 287 4199 planus
298 4142 401 4190 circiter
412 4142 606 4206 quinquaginta.
641 4144 708 4192 Cart.

194 4272 200 4284 ι
229 4213 379 4280 Eloquentia]
408 4217 494 4270 Ambo
524 4219 592 4269 euim
617 4217 723 4270 luerunt

767 1658 952 1721 quodammodo
977 1657 1102 1705 rationem
1129 1655 1233 1703 dicendi
1261 1662 1300 1703 te·

766 1745 836 1781 nere.
855 1733 889 1779 Et
908 1732 940 1779 ad
958 1731 1103 1780 Cornelium
1125 1731 1254 1791 Nepotem
1267 1729 1300 1777 de

766 1808 856 1856 eodem
865 1807 1027 1870 itaacripait:
1040 1808 1048 1833 ‘
1061 1805 1146 1856 Quid?
1160 1813 1300 1863 oratorum,

767 1899 843 1947 quem
853 1885 911 1933 liuic
923 1890 1064 1945 anteponas
1074 1896 1172 1939 eornm,
1185 1880 1228 1942 qui
1237 1879 1299 1928 nihil

766 1959 834 2006 aliud
858 1959 986 2021 egerunt?
1012 1959 1069 2020 quia
1094 1956 1228 2004 sententiis
1254 1963 1299 2002 aut
1372 2013 1377 2021 Ι

765 2035 866 2082 acutior
876 2041 921 2082 aut
931 2034 1053 2082 uberior?
1071 2033 1127 2095 quis
1148 2028 1233 2078 verbis
1252 2038 1299 2077 ant

764 2110 880 2155 ornatior
888 2114 933 2156 aut
941 2106 1107 2168 elegantior?
1120 2105 1186 2153 Vide
1195 2118 1298 2167 quoque

764 2183 882 2230 Tacitum
907 2183 933 2230 in
968 2182 1079 2242 Dialogo
1112 2181 1144 2228 de
1173 2179 1297 2228 Oratore.

764 2257 854 2305 chl.

797 2335 1020 2397 iutegritatemtoe]
1045 2335 1135 2383 Cicero
1155 2346 1203 2395 pro
1220 2331 1296 2382 domo

764 2425 827 2460 arra:
854 2415 862 2439 ⁴
884 2412 957 2460 Bello
978 2411 1091 2473 gerendo
1108 2409 1146 2457 M.
1170 2408 1297 2456 Catonem

765 2485 1090 2550 prefecisti,dices,quem
1102 2485 1201 2533 virum?
1219 2486 1297 2533 Sanc·

765 2563 899 2625 tissimum,
928 2561 1166 2625 prudentissimum,
1190 2557 1297 2609 fortissi-

763 2652 842 2697 mum,
870 2637 1050 2685 amiciaaimum
1083 2637 1158 2698 reip,
1190 2637 1297 2697 virtute,

764 2713 881 2772 consilio,
892 2713 991 2761 ratione
1006 2713 1066 2760 vitae
1077 2711 1187 2759 mirabili
1197 2712 1230 2759 ad
1242 2712 1297 2760 lau·

763 2785 832 2847 dem,
844 2794 871 2834 et
891 2801 972 2849 prope
989 2788 1127 2848 singulari!
1161 2789 1229 2835 ltem
1250 2802 1296 2849 pro

763 2861 897 2908 Murreua:
916 2862 968 2909 ‘lu
987 2863 1023 2909 Μ.
1046 2863 1146 2911 Catone
1165 2861 1220 2909 haec
1236 2877 1296 2924 quae

763 2935 877 2985 videmus
888 2936 978 2985 divina
990 2943 1017 2985 et
1029 2938 1134 2999 egregia
1152 2937 1231 2999 ipsine
1247 2938 1297 2985 aci·

763 3017 817 3060 tote
829 3026 885 3060 esse
898 3012 1020 3074 propria:
1043 3027 1100 3076 ane
1112 3026 1296 3076 nonnunquam

763 3089 925 3152 requirimus,
938 3103 969 3137 ea
981 3096 1041 3137 sunt
1052 3089 1137 3137 omnia
1149 3104 1200 3137 non
1219 3105 1234 3138 a
1255 3104 1298 3137 ua·

764 3171 831 3227 tura,
852 3166 896 3213 aed
908 3181 923 3214 a
936 3166 1081 3228 Magistro:
1099 3164 1149 3213 fuit
1163 3167 1230 3214 enirn
1242 3167 1296 3230 qui·

764 3239 821 3287 dam
832 3255 929 3289 summo
941 3242 1044 3305 iugenio
1063 3242 1111 3304 vir,
1125 3243 1205 3304 Zeno,
1222 3244 1295 3304 cujus

765 3312 926 3364 inventorum
936 3317 1107 3365 aemuliStoici
1116 3319 1297 3365 nominantur.’

765 3389 848 3452 Hujus
869 3392 1006 3440 sentcntiae
1029 3401 1088 3440 sunt
1112 3400 1139 3440 et
1162 3399 1296 3455 praecepta

763 3466 887 3528 ejusmodi
897 3485 903 3516 ι
922 3470 1063 3530 sapientem
1073 3468 1157 3529 gratia
1165 3483 1294 3530 nunquam

763 3543 870 3603 moveri,
886 3557 1016 3605 uunquam
1030 3543 1178 3604 cujusquam
1199 3542 1296 3591 delicto

763 3618 905 3680 ignoscere,
915 3618 1040 3666 neminem
1053 3617 1246 3666 misericordem
1259 3633 1296 3668 es·

762 3693 858 3755 ae‚nisi
876 3694 983 3742 stultum
999 3700 1026 3740 et
1045 3693 1145 3740 levem:
1175 3696 1222 3741 viri
1244 3711 1294 3745 non

763 3781 818 3816 ease
837 3782 919 3829 neque
942 3767 1052 3827 exorari,
1077 3781 1161 3830 neque
1187 3769 1294 3832 placari.

764 3842 815 3890 Cic.
834 3842 1004 3890 Severitatem
1027 3842 1093 3890 hunc
1114 3860 1129 3891 a
1149 3844 1294 3897 Stoicorum

762 3915 895 3978 disciplina
906 3924 1051 3979 acceptam,
1070 3925 1098 3965 ut
1118 3920 1220 3969 nimiam
1241 3923 1293 3970 cul·

761 4000 806 4054 pat
816 3991 908 4040 Cicero
919 4004 925 4035 ε
946 4007 1003 4039 cum
1021 4008 1073 4056 quo
1085 3993 1148 4043 facit
1159 4003 1185 4044 ct
1195 3998 1294 4044 Seneca

762 4067 885 4116 Controv.
907 4080 959 4116 ιιι.
977 4082 1035 4116 curu
1047 4071 1099 4118 ait:
1118 4071 1220 4118 ‘Nemo
1237 4072 1293 4120 aine

760 4142 824 4191 vitio
834 4149 888 4190 eat:
902 4143 927 4190 iu
940 4144 1039 4192 Catone
1051 4144 1204 4206 moderatio,
1216 4146 1241 4192 in
1253 4148 1295 4196 Ci-

760 4219 1295 4274 cerouecouatantiaderideratur.'Gruaw.
