3000 5040
199 411 271 496 '222
554 437 663 488 uorn
684 434 883 487 vsnronuu
908 432 949 485 us

205 587 276 637 illam
293 583 422 649 Scipionis
439 581 508 647 spnd
529 581 629 632 Livium
649 579 735 630 Masa-
770 581 908 644 populatus
927 584 983 640 est;
1007 585 1034 630 et
1048 577 1306 643 adpostremnnslnn

204 665 291 724 nissae,
306 659 428 728 quoqnid
440 658 734 709 odhnnolooomexeo-
769 656 853 706 ferens
872 658 958 706 Creta
978 655 1082 719 bellum,
1101 655 1191 704 morlso
1209 655 1306 719 perite.

204 737 281 798 gitari
310 724 392 801 possit
409 735 558 798 absurdius,
577 748 629 782 uon
651 733 734 783 video.
771 733 896 783 Asconius
913 732 1050 782 Pedianus
1065 745 1102 782 ιι.
1120 731 1197 781 Verr.
1212 731 1300 781 Cicer.

203 814 260 876 Ego
267 813 396 875 vulgatum
404 812 540 862 lectionem
551 809 640 874 probo.
655 807 732 859 Curio
771 811 864 858 Curris.

203 889 225 939 is
245 888 289 937 ille
307 887 362 950 ipse
381 886 486 950 est,qni
505 885 641 934 Dardanos
662 885 733 947 siclt,
805 886 845 933 Es
870 889 916 935 sue
942 886 1027 934 viseto
1049 884 1140 948 troies]
1163 882 1300 933 Turnebus

203 964 290 1014 multis
300 963 449 1027 magnisque
469 961 607 1010 honoribus
620 961 732 1010 cumula·
768 962 842 1025 legit,
855 963 888 1010 Et
897 976 943 1010 asts
953 961 1026 1010 uincti
1036 960 1110 1010 orbes.

203 1047 261 1091 tus:
291 1040 349 1104 ejus
370 1036 487 1087 meminit
509 1037 630 1101 Epltomo
654 1036 730 1085 Livii.
804 1041 894 1104 Ericis]
909 1041 1012 1091 Servius
1027 1040 1129 1089 AEneid.
1147 1039 1165 1088 l.
1184 1050 1227 1088 rx.
1242 1036 1302 1095 ‘In

205 1118 283 1169 cine.
767 1118 914 1181 armornm,'
925 1119 1017 1183 inquit,
1031 1116 1189 1180 ‘generibus
1201 1114 1300 1165 milltes

235 1196 408 1246 Puludumesls
425 1192 526 1256 sdstori]
550 1193 656 1241 Sensum
677 1191 729 1240 ido·
767 1200 872 1244 snmnnt
888 1195 920 1243 ub
937 1192 1087 1242 animalibus
1096 1191 1216 1242 uomina.'
1243 1190 1301 1239 Sal·

202 1284 279 1320 neum
296 1271 389 1320 elicere
400 1269 511 1320 nondum
527 1267 609 1332 potui,
627 1266 729 1316 videba·
765 1270 871 1319 iustius:
888 1269 936 1318 ‘in
954 1268 1057 1317 modum
1076 1268 1141 1317 hirci
1162 1265 1299 1317 milituris.’

203 1355 246 1396 tur
257 1354 342 1398 tamen
353 1346 502 1410 legendnm:
512 1345 677 1411 paludamento
687 1358 729 1406 op·
766 1345 879 1396 Ericinm
891 1350 976 1395 antem
993 1344 1110 1394 bellicum
1126 1358 1183 1392 esse
1201 1341 1298 1394 niuni-

202 1426 259 1474 tori.
292 1424 399 1474 l'ntsclr.
526 1482 528 1485 v
766 1436 835 1485 nau,
856 1428 954 1486 praeter
973 1427 1083 1482 ceteros,
1102 1422 1164 1469 sutis
1182 1419 1298 1471 ostendit

235 1500 415 1562 Poludussserto]
432 1497 497 1546 Haee
515 1495 655 1560 appellatio
671 1509 729 1559 pro·
767 1498 880 1548 Caessrl.
892 1511 934 1547 ιιι.
944 1498 976 1547 de
988 1497 1145 1547 belloeivill.
1179 1496 1272 1546 Corsis.

201 1576 260 1638 pris
275 1582 315 1625 est
333 1574 512 1637 Imperatoriae
529 1571 626 1622 vestis:
643 1587 729 1638 qnam·
802 1575 902 1639 Verulis]
919 1576 992 1625 Inter
1007 1573 1296 1638 lsenlaserrutaetiam

201 1666 276 1716 qnam
303 1659 331 1700 et
359 1650 483 1700 tribuitur
509 1649 646 1712 sliqusudo
673 1648 728 1698 aliis
765 1657 881 1713 urorum,
901 1652 943 1701 eui
962 1664 1053 1700 nomen
1073 1657 1100 1700 et
1120 1648 1240 1699 formatio
1261 1650 1295 1700 sb

200 1727 278 1775 etiam
287 1725 417 1776 militibus.
450 1726 543 1773 Formo
554 1723 728 1788 paludamenti
767 1731 824 1793 ipso
845 1744 917 1790 vern,
939 1728 1008 1793 qnod
1029 1726 1119 1787 refert,
1139 1726 1226 1791 itaquo
1249 1726 1296 1775 alii

199 1809 266 1864 erat,
286 1810 315 1851 nt
334 1808 452 1851 extrema
463 1800 629 1865 longitudinis
643 1808 728 1851 essent
761 1809 886 1856 'eminam
896 1805 1027 1855 dixerunt.
1060 1804 1119 1853 Non
1130 1815 1203 1851 nemo
1213 1802 1294 1852 etism

199 1879 319 1943 utrinque
332 1885 449 1942 ungusta,
459 1875 514 1926 imis
522 1876 665 1926 latioribus.
681 1877 728 1927 Co·
764 1899 829 1932 seru.
863 1883 911 1932 Est
920 1862 1044 1945 sp‘ieulnm
1053 1887 1131 1929 tenue
1142 1885 1169 1928 et
1179 1879 1295 1941 longum,

197 1953 238 2002 lor
248 1953 305 2016 eJ'ns
325 1954 432 2001 eximius
451 1961 479 2002 et
498 1952 602 2017 quidem
614 1967 628 2001 e
638 1967 726 2003 cocco.
765 1965 853 2022 aptum
865 1957 957 2008 forare.
981 1955 1079 2006 Σαύνιον
1089 1955 1175 2004 Greci
1186 1958 1296 2002 uerutum

199 2030 264 2080 Erat
282 2028 359 2079 etiarn
379 2030 464 2079 nlbsun
476 2045 525 2093 quo
537 2030 666 2078 interdum
677 2029 726 2091 usi,
764 2033 863 2083 dicunt.
896 2034 954 2082 Etsi
962 2032 1090 2082 Samnites
1101 2030 1182 2094 primo
1194 2038 1221 2078 et
1233 2043 1293 2091 pro·

198 2105 244 2155 ssd
263 2105 355 2168 rarius,
369 2103 483 2154 crebrius
500 2117 606 2153 oocceo.
641 2104 725 2166 lmpe-
762 2109 978 2172 prleusl,tamen
995 2114 1023 2157 et
1040 2108 1083 2156 alil
1101 2107 1170 2156 ltall.
1203 2105 1293 2154 Livius

198 2188 299 2232 satores
320 2182 390 2231 inter
411 2186 472 2231 vota
493 2186 519 2229 st
541 2178 727 2228 immolationes
758 2182 813 2232 levi
835 2191 972 2233 armstnrae
1001 2182 1103 2245 tribuit,
1127 2180 1171 2231 sed
1197 2181 1293 2230 ueteri.

198 2259 316 2322 exibant,
331 2266 359 2308 et
378 2262 548 2308 tunevestem
564 2255 629 2305 hunc
640 2255 725 2319 euple·
762 2258 853 2309 Hostus
872 2260 992 2309 velitares
1011 2259 1080 2307 lrand
1100 2256 1292 2321 lougeivernnt

198 2333 276 2396 bant3
302 2350 358 2399 quas
379 2332 506 2397 protectio
520 2333 598 2381 etiam
614 2331 725 2382 celebris
763 2333 796 2384 ab
805 2334 871 2398 istis,
880 2335 901 2383 si
911 2349 963 2383 non
971 2333 1071 2384 eudem.
1103 2335 1171 2397 Lips.

197 2423 255 2462 essu
265 2410 364 2461 solebat
375 2408 523 2474 frequentia
541 2407 725 2459 deducentium
756 2423 761 2431 ·
794 2412 876 2475 Igitur
885 2411 1031 2476 dimisero]
1042 2411 1100 2461 lloo
1109 2409 1291 2475 fragmentum,

197 2485 465 2549 prosequentiumque.
497 2483 563 2546 Lips.
762 2501 819 2537 cnm
830 2489 890 2537 olim
908 2487 1131 2538 mendosissimum
1142 2486 1291 2537 circumser-

229 2559 410 2620 l'oludossenlo]
423 2557 647 2619 Paludamentum,
658 2561 724 2606 telle
760 2570 842 2622 retnr,
853 2577 899 2611 nos
915 2576 949 2612 ex
967 2577 1013 2613 vv.
1031 2576 1071 2611 cs.
1090 2570 1118 2611 et
1134 2562 1291 2610 siretorituts

187 2634 293 2695 Nonio,
319 2639 359 2682 est
392 2633 477 2694 vestis,
508 2647 575 2681 nunc
603 2633 722 2694 chlamy&
759 2645 919 2687 vetustorum
944 2639 1133 2696 numismatum,
1154 2637 1179 2683 in
1202 2637 1291 2698 pristi-
1346 2694 1350 2705 .

196 2709 288 2757 Curris.
760 2727 819 2761 num
837 2713 959 2774 nitorem,
979 2719 1103 2776 qusntntn
1120 2711 1176 2759 fieri
1194 2712 1294 2783 potuit,

227 2781 429 2845 lisoiuguisum]
442 2781 518 2846 spui.
530 2782 563 2831 de
575 2780 647 2830 Asin·
659 2782 675 2832 1.
688 2796 721 2832 1¹.
759 2788 925 2837 restituimus.
962 2789 992 2838 L.
1014 2796 1100 2835 sutem
1123 2787 1165 2834 lsio
1192 2786 1288 2836 Fabius

195 2860 286 2911 ‘Asini
296 2860 427 2925 inguinum
436 2875 498 2909 sune
506 2859 593 2910 licinia
601 2865 721 2921 remotu3'
758 2864 948 2927 Hispaniensis,
966 2871 994 2913 et
1011 2865 1074 2912 item
1096 2862 1290 2927 LTarquitins,

195 2937 259 3000 sive,
280 2945 308 2986 ut
328 2938 355 2986 in
373 2936 429 2986 eliis
451 2944 500 2998 est,
521 2936 644 2998 inguinum
660 2937 719 2985 sisse.
756 2941 970 3000 Sertorianum,
987 2945 1018 2988 ut
1034 2945 1153 3004 apparet,
1165 2939 1287 3002 pertisum,

194 3014 244 3064 Sed
256 3014 393 3079 legendum
411 3029 444 3063 ex
459 3013 584 3075 hocloco,
596 3013 721 3076 inguinum
757 3017 885 3067 habentur
901 3018 927 3066 in
943 3017 1072 3079 argenteis
1088 3014 1209 3074 denariis,
1221 3029 1286 3077 quos

186 3091 248 3156 flue.
283 3092 400 3141 Cutode
421 3092 720 3153 denominavimus.
758 3092 910 3156 protulimus
921 3093 946 3141 in
964 3093 1028 3142 lilrro
1039 3090 1073 3140 de
1083 3089 1184 3140 tunillis
1195 3089 1288 3138 Roma-

182 3168 308 3218 ·‘Postes
320 3169 421 3231 operito
434 3175 501 3217 term
519 3167 647 3218 radicibus
658 3164 720 3216 fini!
758 3183 858 3220 norum.
895 3169 975 3218 Ursis.

194 3243 262 3292 Wde
280 3259 312 3291 au
332 3245 466 3307 legendnm
487 3245 526 3305 sit,
537 3245 643 3292 radicum
655 3242 705 3307 sissi
712 3260 720 3291 .·
791 3246 873 3306 Igitur
893 3245 1039 3304 discubuere,
1060 3245 1116 3307 tro}
1136 3243 1215 3307 Apud
1234 3244 1285 3292 Ro·

192 3326 221 3365 nt
233 3333 257 3366 o.
270 3323 325 3367 11³.
341 3321 348 3346 ‘
361 3320 504 3380 simpliorem
522 3320 601 3368 nolito
613 3320 720 3383 implere
758 3335 846 3370 munos
858 3322 929 3370 locus
949 3320 1049 3383 dignior
1064 3320 1168 3369 habitus
1179 3319 1284 3368 ultimus

192 3391 306 3456 nimium,
334 3407 450 3441 susorum
479 3394 621 3442 infimorum
651 3394 719 3444 tine!
758 3396 835 3445 medii
856 3397 928 3446 lecti.
972 3396 1099 3445 Dominus
1120 3411 1190 3457 vore,
1211 3395 1283 3445 tertii

192 3466 720 3533 utoppiusdebelloltfm0‚‘n1ulu-
757 3472 944 3534 lectiprinrnm
964 3472 1049 3520 locum
1066 3472 1208 3533 premebat.
1239 3470 1283 3520 sto

192 3544 255 3610 plici
267 3545 335 3594 fine?
368 3545 445 3593 Ciues.
756 3544 845 3608 tiebat,
855 3547 1010 3595 ntdominus
1026 3547 1052 3593 in
1064 3547 1145 3607 primo
1164 3546 1221 3594 loco
1240 3560 1283 3595 ao·

225 3621 285 3670 Fire
295 3619 430 3683 inguinum]
449 3619 524 3671 Quod
536 3618 606 3683 niul,
617 3619 649 3669 ab
661 3618 718 3668 allis
749 3620 853 3669 onbans
872 3622 942 3669 tertii
960 3621 1030 3681 lecti,
1045 3627 1074 3668 et
1090 3620 1283 3671 honestissimus

191 3699 233 3765 (ut
251 3699 365 3760 uidetur)
382 3699 448 3747 hund
467 3699 529 3747 satis
547 3699 718 3761 intellectum,
736 3696 919 3745 semirutum
940 3695 966 3743 in
985 3695 1075 3743 ultimo
1095 3696 1200 3744 secundi
1220 3696 1283 3746 lecti

189 3774 315 3837 inguinum
334 3780 407 3833 tirus,
430 3775 595 3837 interpretari
622 3775 718 3838 placet.
746 3774 940 3837 locopositis,
962 3787 1019 3821 sese
1046 3774 1233 3837 contingerent,
1253 3774 1281 3823 in

181 3852 284 3908 'Duum
755 3848 807 3898 fine
818 3856 927 3912 uterque
936 3849 975 3896 sni
986 3848 1075 3897 lectuli
1085 3850 1191 3910 locatus,
1201 3849 1243 3897 liic
1252 3850 1281 3898 ln

184 3939 186 3943 ’
229 3930 268 3980 Μ.
296 3926 427 3988 Antonius]
458 3926 531 3976 idem
558 3926 715 3977 Arusianus:
755 3939 852 3974 summo
864 3923 944 3985 tertii,
955 3924 998 3972 ille
1015 3925 1041 3972 iu
1059 3926 1108 3972 imo
1124 3926 1210 3972 medii.
1244 3926 1281 3975 Et

189 4004 198 4033 ‘
210 4005 322 4054 Genitus
334 4003 372 4051 illi
384 4003 420 4051 rei
433 4000 575 4051 facundie:
610 4003 662 4052 Hic
674 4018 717 4052 au-
754 4001 820 4049 hanc
831 4000 955 4048 rationem
971 4000 1040 4048 luter
1052 4000 1112 4047 elles
1124 4001 1209 4048 reddit
1220 4001 1281 4051 Plu·

184 4085 243 4130 'tem
253 4089 294 4129 est
304 4080 347 4129 ille
360 4077 485 4131 Antonius
499 4078 717 4140 dissolutissimus,
754 4076 864 4137 turchos,
875 4090 920 4124 our
931 4076 1009 4125 medii
1022 4076 1080 4124 lecti
1092 4076 1162 4123 loeus
1174 4076 1279 4126 ultimus

178 4155 234 4219 'qni
245 4155 329 4218 gratis
340 4155 424 4203 Cottae
436 4153 550 4202 Consulis
561 4161 589 4204 et
600 4154 716 4216 Cethegi,
754 4152 910 4201 tribueretur
935 4152 1098 4202 convivorum
1121 4151 1279 4216 dignissimo,

189 4231 347 4278 nurstlonenr
358 4237 448 4278 noctus
467 4231 546 4278 totins
559 4245 610 4278 orie
623 4229 716 4278 mariti·
752 4230 812 4295 qnia
822 4231 951 4293 proximus
962 4232 1030 4278 esset
1043 4227 1154 4276 convivii
1164 4228 1279 4295 dornino,

189 4314 248 4368 mae,
256 4303 370 4354 Siciliam
379 4311 407 4353 et
417 4305 560 4368 provincius
574 4319 661 4357 omnes
672 4305 716 4356 de·
752 4305 796 4371 qol
822 4305 849 4355 in
875 4306 958 4370 prino
986 4304 1058 4355 tertii
1078 4304 1278 4370 discumbebatq
