3000 5040
192 328 260 405 m
540 344 650 397 uorat
672 346 874 397 vsuronuu
898 348 936 396 ru

193 489 375 543 nttoutses
392 487 513 540 fustium
531 488 618 538 Druso
635 488 663 537 iu
680 489 722 536 tri·
760 487 822 537 litim
844 501 933 537 musas
954 486 1093 538 boeotum
1110 486 1221 539 vitietur.
1253 489 1290 539 Et

191 564 290 618 bustu
313 566 350 614 rei
368 565 475 629 alicujus
497 572 615 614 suctores
636 563 723 626 fuisse,
761 579 821 612 asne
834 564 1059 627 possitSallustius
1078 565 1103 612 iu
1114 564 1292 629 vituperandis

193 641 240 693 sed
250 642 418 691 nobilitatem.
437 643 530 692 Carrio.
762 639 891 688 nonnuliis
902 653 1050 703 properum
1062 640 1182 700 candido,
1189 647 1217 688 et
1226 639 1292 689 falso

224 715 275 768 &a
301 719 375 782 ipsius
397 718 494 767 milis
520 716 723 779 amonuit]
762 715 859 764 baberi.
886 715 1293 764 LDomitiusisteAEuobarbus

194 791 457 855 conlocutum
472 794 588 856 etipsiss.
623 792 725 854 Malim,
763 789 856 840 dietus.
882 791 944 854 Ejus
967 791 1095 853 rapacitas
1116 797 1144 838 et
1168 791 1293 840 timiditas

193 870 236 919 h
244 869 356 932 ipsoram
375 870 531 919 Gronovius.
764 866 842 915 etism
852 882 868 915 a
876 865 978 915 Cesare
989 866 1107 928 arguitur
1117 867 1137 914 l.
1149 880 1168 913 r.
1179 866 1212 913 de
1225 867 1295 915 bello

229 943 314 994 Gloria
329 945 449 1008 mess]
466 944 600 1007 Gustum
615 951 666 1008 est,
682 958 726 995 eu·
765 939 834 990 out.
850 946 878 989 et
896 941 1047 1000 Plutarcho,
1065 949 1093 989 et
1112 944 1216 989 Seneca.
1249 941 1295 990 De

194 1017 292 1086 piditas
317 1021 404 1084 gloria
427 1022 508 1070 vineit
533 1023 667 1082 bonorem,
683 1020 727 1084 qui
765 1015 853 1065 Bibuli
874 1016 1008 1065 eousuiam
1029 1015 1151 1079 legendus
1175 1015 1225 1063 Dio
1247 1014 1295 1063 lib.

194 1094 287 1146 virtuti
299 1095 416 1145 dabatur.
437 1096 535 1146 Badias.
768 1103 891 1140 xxxvur.
902 1099 930 1141 et
939 1090 1092 1140 Plutarchus
1102 1091 1202 1140 ineas.
1220 1090 1296 1139 itane

230 1169 266 1219 Ei
284 1171 397 1232 reclinet
416 1171 481 1218 mnis
496 1171 565 1218 rebus
580 1184 608 1217 es
624 1168 728 1229 mestar]
765 1179 828 1215 raro
842 1165 876 1215 de
893 1168 931 1215 Μ.
942 1182 1043 1229 quoque
1055 1168 1153 1216 Catone
1170 1167 1297 1229 scriptum

196 1244 310 1296 Videtur
327 1248 381 1294 sine
399 1246 486 1303 dtrbio,
503 1259 559 1306 pro,
570 1243 648 1302 rebus,
664 1243 727 1290 scri·
765 1241 897 1303 oportuit?
919 1241 1006 1290 Nimia
1017 1242 1107 1290 istboeo
1119 1244 1233 1300 libertas,
1244 1243 1298 1290 imo

196 1319 320 1379 mum,
339 1320 487 1376 rutbsibm
509 1332 565 1367 narn
589 1324 725 1381 peccaturo
764 1313 895 1364 dicacitas.
906 1322 912 1328 ‘
923 1316 958 1365 Et
969 1315 1002 1364 de
1014 1316 1113 1365 Grecis
1130 1318 1210 1364 literis
1220 1318 1299 1380 qrraie

195 1394 290 1446 librarii
309 1396 469 1457 agnoscimus
488 1410 521 1443 ex
537 1393 677 1458 rationibus,
691 1394 726 1456 in,
760 1389 906 1452 judicium?
917 1391 1042 1455 Majorem
1054 1392 1161 1454 gratiam
1172 1391 1298 1451 debebas,

195 1470 273 1521 rebus.
301 1470 344 1518 Sic
356 1471 421 1519 Cato
441 1470 507 1520 dixit
523 1470 631 1531 ‘agrum
652 1470 726 1519 bonis
764 1465 878 1526 sutosu,
890 1464 1012 1528 Greciu,
1023 1473 1051 1515 et
1063 1467 1110 1529 ipsi
1120 1467 1186 1515 adeo
1196 1467 1299 1530 Thucy-

196 1551 226 1596 st
247 1547 320 1595 maiis
339 1545 480 1595 rationibus
499 1544 652 1594 colentium!
693 1546 728 1593 Et
766 1539 819 1589 didi
842 1550 894 1590 tuo.
933 1540 976 1590 De
997 1542 1045 1591 boe
1069 1542 1173 1604 quidem
1196 1542 1297 1592 Catone

196 1621 321 1673 flsteilus
338 1621 407 1685 apud
418 1620 548 1684 tigellium
567 1634 589 1670 t.
599 1625 626 1670 6.
642 1620 727 1673 ‘Quid
765 1616 1170 1680 VeliajusPatereoluascriptum
1178 1618 1298 1682 reliquit:

196 1710 261 1762 ergo
271 1709 351 1756 nous
363 1696 421 1746 Diis
437 1697 624 1745 immortalibus
636 1696 728 1746 diviui-
765 1694 836 1744 'iiic
846 1696 949 1758 genitus
965 1697 1106 1759 proavoM.
1114 1698 1222 1757 Catone,
1230 1699 1300 1761 priu-

197 1788 228 1825 υ
239 1781 431 1837 exspectemus,
442 1774 490 1822 uisi
501 1775 573 1822 malis
587 1774 729 1823 rationibus
767 1771 826 1835 cipe
836 1773 881 1822 iiio
891 1772 994 1822 familie
1004 1773 1114 1837 Porcia,
1122 1774 1197 1823 bomo
1206 1775 1299 1824 virtuti

197 1848 276 1899 fluctu
293 1849 418 1898 facinus:
442 1849 534 1898 Cicero
557 1863 604 1912 pro
624 1848 730 1898 Rabirio
767 1847 921 1911 simillimus,
930 1856 958 1899 ot
976 1864 1023 1912 per
1033 1849 1118 1898 omniu
1135 1849 1236 1913 iugenio
1247 1849 1299 1899 diis

198 1923 325 1974 Postumo
336 1925 540 1985 dixit,‘Augcre
552 1940 606 1973 rem
621 1925 731 1973 bouiset
768 1937 844 1988 quum
865 1924 1011 1974 bominibus
1031 1925 1146 1987 propior,
1169 1926 1212 1988 qui
1235 1938 1298 1974 nuu-

197 1999 313 2050 hooestis
332 2000 491 2049 rationibus!
518 2001 592 2049 Idem
611 2013 684 2048 error
700 2000 732 2047 ir·
769 2015 843 2064 quarn
856 2009 928 2052 recte
940 2003 1014 2062 t'eoit,
1022 2010 1051 2052 ut
1061 2002 1147 2052 facere
1157 2004 1300 2066 videretur,

198 2075 282 2140 repsit
292 2076 319 2124 iu
331 2077 348 2126 1.
359 2090 379 2125 ι.
392 2076 503 2125 Οεωτὶς
515 2075 548 2123 tie
562 2076 614 2124 bei.
625 2075 693 2124 sirii.
705 2075 732 2124 lo
769 2077 814 2127 sed
836 2078 894 2142 qula
913 2078 990 2127 aliter
1000 2076 1088 2126 t‘acere
1107 2093 1157 2127 non
1178 2080 1302 2141 poterat!

200 2161 321 2216 quoest:
338 2151 455 2200 ‘Tamen
475 2151 593 2200 omuibus
612 2151 689 2200 rebus
705 2152 733 2200 iu
771 2152 950 2203 LPostbumil
967 2153 1137 2203 mentiorara
1165 2153 1205 2202 De
1217 2155 1301 2203 Fauo·

200 2241 234 2278 eu
258 2228 476 2292 perseverandum
503 2227 636 2288 putabat?
663 2241 732 2288 oum,
769 2229 813 2278 uio
834 2228 1049 2293 spudctsarem,
1062 2229 1181 2289 Dionem,
1197 2229 1302 2279 i’lutar·

200 2316 250 2368 pro
265 2304 342 2363 rebar,
360 2303 454 2351 debeat
472 2303 535 2363 legi,
546 2303 686 2363 rationibus,
703 2308 732 2351 ut
771 2303 847 2353 eitum
857 2305 936 2368 legat,
947 2304 992 2369 qul
1003 2304 1066 2354 ruit.
1094 2303 1176 2353 Porro
1187 2306 1301 2368 elogium

202 2377 305 2427 adeum
317 2379 401 2426 iocum
413 2377 565 2425 notavimus.
585 2378 666 2426 Ursis.
769 2379 872 2429 iliorum
890 2381 927 2430 ita
941 2379 1056 2429 restituit
1065 2379 1166 2442 Lipsius
1184 2381 1202 2430 l.
1214 2393 1252 2428 tv.
1265 2383 1300 2430 E·

234 2453 277 2500 Ex
294 2452 392 2513 pecario
409 2452 469 2516 legi]
484 2451 552 2500 Nam
568 2451 733 2502 laudabiliter
770 2455 830 2519 pist.
842 2460 897 2506 lt.:
915 2458 961 2506 ⁴11.
974 2455 1137 2505 Postburains
1157 2463 1183 2507 et
1203 2458 1240 2507 Μ.
1253 2459 1303 2506 Fa·

202 2525 371 2576 coustitutum
387 2525 437 2574 fuit
449 2527 547 2588 Romae,
559 2533 589 2576 ut
600 2527 733 2578 Praetores
770 2531 859 2581 rouios
870 2532 930 2581 mihi
943 2531 1063 2580 ridentur
1073 2532 1145 2595 quasi
1157 2546 1245 2594 magua
1257 2547 1302 2582 ua·

198 2601 281 2668 jureii
297 2601 422 2664 optimum
433 2617 560 2666 quemque
579 2604 605 2651 in
621 2605 733 2654 selestos
770 2607 809 2655 ris
828 2622 986 2671 supervsoua
1003 2621 1082 2656 oucra
1098 2622 1163 2667 esse,
1175 2609 1216 2656 ubi
1235 2609 1302 2657 salvi

199 2672 305 2742 judiees
317 2675 462 2726 referrent:
480 2686 509 2726 ut
521 2684 631 2727 testatur
640 2680 733 2727 Cicero
770 2696 921 2746 pervenere,
932 2684 981 2732 riri
1001 2691 1075 2732 suut:
1093 2685 1185 2748 siquid
1199 2684 1302 2733 advorsi

203 2765 252 2816 pro
261 2752 295 2802 A.
308 2753 435 2801 Cluentio.
454 2753 530 2800 Coier.
770 2765 887 2806 coortum
899 2764 949 2820 est,
960 2758 993 2807 tic
1005 2757 1056 2806 iilis
1072 2761 1229 2821 potissimum
1241 2759 1300 2822 jao·

239 2829 273 2877 Ut
295 2829 376 2889 cuique
392 2845 442 2877 sors
461 2829 530 2890 tulit]
548 2830 630 2879 Recte
643 2831 733 2882 Carrio
772 2840 830 2883 tura
851 2833 892 2894 fit,
914 2833 974 2899 quia
999 2834 1081 2897 precii
1104 2835 1201 2883 minimi
1224 2835 1303 2884 sunt!

197 2901 260 2966 sm.
285 2903 373 2965 Cuique
384 2902 485 2952 facilius
499 2905 644 2967 tolerarem,
655 2907 676 2954 si
695 2922 733 2955 se·
772 2909 850 2957 Color.

203 2987 328 3045 queretur
338 2981 433 3041 cecide,
441 2994 501 3043 uon,
510 2981 575 3031 tulit.
602 2982 678 3032 Nunc
691 2998 734 3047 po·
804 2984 885 3031 Murci
903 2983 987 3034 Bibuli
1002 2985 1135 3050 fortitudo]
1152 2987 1178 3034 ls
1202 2988 1303 3050 collega

203 3055 255 3104 tius
273 3056 495 3120 plumbumque
505 3057 560 3117 sors
576 3059 641 3109 tulit.
668 3059 734 3109 Gru·
772 3067 829 3108 erat
846 3060 973 3119 Cesaris3
1002 3061 1070 3110 uude
1092 3064 1118 3111 iu
1141 3064 1250 3125 gratiam
1273 3071 1303 3111 et

203 3131 303 3181 uerius.
773 3137 972 3186 assentationem
984 3138 1050 3201 ejus,
1060 3139 1115 3188 beec
1125 3139 1150 3187 in
1162 3153 1218 3187 eum
1230 3139 1303 3188 dicit.

239 3209 270 3255 cs
294 3207 426 3271 Gracchus]
453 3208 552 3258 Probat
575 3211 604 3259 C.
623 3210 735 3261 Gracchi
773 3211 874 3262 Budt'ss.

205 3280 380 3348 plebiscitum,
403 3298 454 3348 quo
475 3293 621 3347 rogaverat,
646 3294 676 3335 ut
702 3302 735 3335 ex
805 3287 915 3336 Maximo
930 3288 1046 3351 mecon]
1071 3291 1122 3340 Qui
1143 3290 1205 3338 nihil
1228 3289 1253 3336 iu
1271 3304 1304 3337 eo

205 3357 319 3408 confusis
337 3359 450 3424 quinque
471 3360 593 3408 classibus
616 3359 686 3409 sorte
707 3369 735 3411 et
772 3362 895 3424 praeclare
913 3363 1008 3424 gessit:
1025 3363 1070 3410 sed
1083 3364 1185 3424 penitus
1196 3365 1304 3428 coliegae

206 3436 262 3486 siue
274 3444 395 3487 accurato
407 3437 511 3487 deiectu
525 3437 646 3486 centuriae
661 3454 735 3488 roca·
774 3436 870 3486 Caesari
881 3437 969 3485 cessit.
987 3437 1061 3484 licut.

206 3518 307 3560 rentur.
326 3512 418 3564 Ratio:
431 3518 460 3563 ut
471 3514 600 3579 corequoti
608 3513 735 3579 dignitate
806 3513 881 3574 eujus
889 3512 978 3560 usuum
989 3511 1123 3574 membrum,
1133 3512 1185 3574 ise]
1208 3513 1305 3564 Totum

206 3583 276 3632 eires
292 3593 321 3633 et
338 3591 457 3653 pecunia,
468 3591 564 3642 virtute
576 3592 639 3640 ulios
658 3592 735 3641 alium
773 3589 839 3638 buno
856 3588 941 3637 iooum
960 3589 1095 3637 remuiatus
1113 3596 1155 3637 cst
1172 3588 1224 3646 ille,
1236 3590 1306 3653 quis-

206 3657 478 3719 auteireproperaret.
498 3667 548 3713 Sed
559 3673 736 3732 tameuueque
774 3665 830 3728 quis
840 3662 897 3724 fuit,
908 3664 952 3728 qul
968 3662 1083 3713 Saliustii
1101 3663 1201 3712 nomine
1220 3663 1307 3712 decla·

207 3729 285 3790 haue,
305 3744 390 3793 neque
413 3734 476 3783 alias
499 3740 644 3797 rogationes
654 3744 736 3791 Grac·
775 3743 912 3790 mationem
931 3743 956 3789 in
968 3742 1119 3789 Ciceronem
1131 3741 1226 3799 edidit;
1244 3754 1305 3790 nom

207 3805 304 3858 chunus
315 3806 463 3869 Optimstes
475 3811 599 3860 tulerunt.
620 3814 693 3861 Idem.
774 3814 812 3861 sio
823 3815 928 3862 scribit:
940 3814 1032 3876 ‘Cujus
1042 3815 1112 3863 nulio
1123 3830 1182 3877 pars
1190 3817 1305 3879 corporis

210 3917 213 3920 -
241 3880 479 3944 Numbiaioirtste]
494 3883 737 3946 Tangitsatisacer·
775 3889 1305 3953 turpitudiucvacat,linguavoua,mauus

208 3956 243 4008 be
252 3958 361 4009 cacteris
373 3959 478 4007 temulos
490 3959 597 4020 nobiles,
609 3962 646 4009 M.
658 3962 736 4010 Ribu·
775 3964 956 4028 rapacissimos,
966 3966 1026 4029 guia
1037 3966 1169 4029 immensa,
1177 3967 1256 4030 pedes
1266 3967 1309 4016 fu·

208 4033 271 4096 lom,
291 4037 320 4084 b.
335 4034 486 4098 Domitium,
504 4037 543 4085 M.
555 4036 689 4096 Catonern,
706 4040 736 4088 L.
776 4054 868 4103 gaces,
889 4057 945 4103 quae
968 4042 1076 4090 honeste
1099 4042 1224 4091 nominari
1252 4057 1305 4092 uon

210 4105 387 4159 Postirumium
398 4121 424 4159 et
434 4111 573 4160 Favonium
584 4112 736 4174 praecipuos.
776 4123 891 4180 possunt,
901 4116 1121 4167 inhonestissimu'
1138 4119 1246 4169 cuseos.

210 4181 254 4232 lle
271 4182 377 4248 siugulis
394 4186 488 4251 aliquid
508 4188 548 4239 rel
565 4187 678 4238 Saliustii
696 4191 738 4239 vei
810 4191 933 4255 Furtim]
951 4193 998 4242 Est
1010 4192 1168 4257 euimsnctio,
1179 4195 1223 4243 ubi
1237 4197 1307 4260 quis·

368 4594 521 4752 ”n
