3000 5040
271 408 341 482 800
602 419 800 478 nnanasus
824 421 1042 474 nnrrronuu

312 568 430 630 Salustii
442 568 555 629 Bellum
570 568 769 629 catilinarium
790 585 857 627 cum
880 563 1133 625 laurentiiv'allae
1154 566 1183 622 et
1204 561 1368 622 Omniboni

313 665 470 726 lreoniceni
484 663 708 723 commentariis.
751 665 791 730 11.
807 661 893 721 Partii
907 660 1043 719 Latronis
1057 659 1242 719 Declamatio
1263 668 1369 717 contra

279 796 283 803 -
312 761 348 820 L.
376 761 541 820 Catilinam.
597 776 651 818 ιιι.
680 758 796 818 Salustii
825 757 937 815 Bellum
960 754 1165 832 Jugurthiuum
1191 775 1258 813 cum
1281 756 1367 814 Joan.

312 857 515 936 chrysostomi
529 855 609 914 Soldi
627 854 847 914 commentariis.
881 870 939 926 rr.
954 851 1093 928 Ejusdem
1114 851 1201 910 variae
1222 850 1369 909 orationes

313 970 348 1010 ac
376 951 538 1011 vita-Ad
570 951 658 1010 finem
693 951 852 1009 habentur:
888 948 991 1007 Oratio
1023 946 1138 1006 Salustii
1166 946 1309 1003 invectiva
1338 946 1369 1002 in

279 1083 283 1089 -
312 1048 493 1118 Ciceronem,
518 1045 607 1121 hujus
630 1045 789 1122 responsio,
812 1055 842 1102 et
861 1043 996 1102 Catilina
1021 1042 1123 1100 Oratio
1148 1041 1311 1118 responsiva
1338 1041 1369 1099 in

314 1143 495 1203 Ciceronem.
539 1143 570 1199 ln
592 1143 673 1199 calce
697 1139 848 1197 voluminis
873 1139 996 1214 legitur:
1019 1139 1217 1214 ‘impressum
1241 1135 1371 1193 Venetiis

313 1258 404 1316 opera
417 1250 447 1295 et
461 1239 589 1311 impensa
610 1232 786 1291 solertissimi
809 1230 860 1287 viri
885 1231 999 1288 loannis
1018 1232 1141 1289 Tacuini
1166 1232 1203 1288 de
1225 1230 1367 1289 Tridin0:

311 1339 449 1409 regnante
475 1328 575 1386 inclito
602 1326 736 1401 Principe
766 1324 927 1401 Augustino
952 1325 1114 1383 Barbadico
1141 1328 1226 1384 Anno
1254 1325 1371 1383 domini

313 1440 352 1484 11.
365 1439 457 1483 0000.
482 1422 530 1479 die
553 1436 614 1480 xx.
634 1421 710 1479 Lui.'
738 1419 876 1494 ‘Adjecta
895 1421 1139 1479 suut'chartarum
1160 1421 1312 1498 registrum
1339 1428 1373 1478 et

296 1517 486 1596 typographi
499 1517 678 1595 symbolum.
718 1516 763 1575 Pl.
779 1518 874 1575 Brauu
889 1517 923 1574 P.
939 1531 979 1577 ιι,
993 1535 1060 1593 pag.
1076 1524 1145 1577 824.
1162 1537 1190 1574 u.
1207 1531 1312 1575 xvlrr.

274 1621 347 1674 1801
367 1613 482 1690 ‘Crispi
508 1611 625 1670 Salustii
646 1611 721 1668 liber
744 1609 782 1669 de
805 1610 886 1669 Bello
910 1609 1049 1685 Iugurthe
1071 1611 1145 1688 regis
1168 1611 1369 1670 Uniusdarum

310 1708 480 1767 emendatus
494 1716 583 1785 atque
605 1706 762 1783 impressus
785 1705 924 1782 impensis
946 1707 1006 1764 lac.
1022 1705 1060 1764 de
1075 1706 1170 1765 Breda
1184 1694 1371 1765 Daventriac.'

312 1812 341 1862 4.
350 1803 431 1861 -Sic
447 1803 524 1862 Bibl.
539 1801 687 1861 Emtinclr.
697 1803 731 1860 P.
745 1818 800 1861 111.
811 1821 842 1880 p.
856 1809 924 1862 151.
937 1822 965 1861 n.
980 1809 1049 1872 398.
1065 1802 1152 1862 Conf.
1162 1805 1269 1861 Panzer
1277 1803 1366 1860 Toni.

313 1913 359 1967 ty.
373 1917 442 1975 pag.
458 1907 529 1958 484.

276 2000 352 2054 1502
369 1994 456 2051 ‘Hoc
471 1993 501 2051 in
515 1991 663 2051 volumine
684 1992 749 2050 hac
770 1991 967 2052 continentur.
1009 1994 1161 2070 Pomponii
1184 1994 1313 2071 Epistola
1327 1994 1366 2051 ad

315 2087 514 2165 Augustiuum
538 2087 712 2164 Mapheunr.
733 2087 769 2145 C.
785 2087 880 2165 Crispi
902 2088 1017 2146 Salustii
1037 2088 1143 2146 bellum
1166 2088 1369 2146 Catilinarium

313 2202 381 2242 cum
409 2192 573 2240 commento
601 2180 746 2240 Laurentii
776 2182 930 2241 vallensis:
958 2193 988 2241 et
1014 2183 1173 2242 Omniboni
1199 2183 1367 2241 leoniceui.

313 2278 402 2335 Portii
413 2277 548 2334 Latronis
556 2274 742 2334 Declamatio
752 2287 855 2336 contra
862 2278 896 2337 1..
907 2278 1067 2337 Catilinam.
1092 2279 1127 2337 C.
1140 2278 1234 2355 Crispi
1248 2278 1368 2336 Salustii

312 2371 420 2428 bellum
448 2370 650 2446 iugurthinum
683 2389 750 2428 cum
783 2373 998 2431 commentariis
1029 2373 1241 2450 praeclarissimi
1268 2372 1367 2432 fratris

312 2464 427 2523 loannis
454 2464 652 2541 chrysostomi
679 2464 759 2521 Soldi
781 2465 917 2525 Brixiaui.
958 2470 994 2526 C.
1022 2469 1118 2543 Crispi
1142 2469 1254 2527 Salustii
1278 2469 1366 2529 variae

313 2558 458 2617 orationes
481 2579 517 2616 ex
540 2558 621 2616 libris
642 2557 772 2617 eiusdem
795 2569 938 2637 exceptae.
980 2563 1015 2619 C.
1038 2564 1134 2639 Crispi
1159 2565 1273 2622 Salustii
1296 2566 1367 2622 vita.

310 2653 410 2711 Roma
424 2672 477 2730 per
491 2654 681 2731 Pomponium
696 2656 860 2724 emendata,
875 2656 1038 2733 Brixiaeque
1055 2676 1108 2732 per
1122 2660 1205 2718 Ioan.
1222 2660 1366 2718 Britanni·

310 2770 378 2807 cum
392 2749 605 2827 diligentissime
619 2750 731 2809 revisa!
769 2751 803 2809 lu
818 2751 890 2811 fine:
915 2760 924 2785 ‘
940 2754 1116 2829 Impressum
1131 2755 1258 2814 Venetiis
1273 2775 1365 2830 opera

309 2853 339 2903 et
351 2845 481 2921 impensa
495 2846 672 2904 solertissimi
681 2846 735 2904 viri
745 2847 858 2907 loannis
869 2849 996 2907 Tacuiui
1010 2848 1047 2907 de
1060 2850 1204 2907 Tridino:
1229 2862 1365 2928 regnante

309 2939 409 2999 inclito
424 2940 557 3018 Principe
571 2942 724 3001 Leonardo
746 2942 916 3002 Lauredauo
940 2946 1028 3001 Auno
1053 2946 1171 3004 Domini
1187 2962 1364 3005 110000οι1.

309 3035 358 3095 die
371 3057 400 3094 11.
415 3034 500 3094 Iulii!
520 3037 582 3094 Pol.
598 3070 637 3080 -
651 3038 762 3096 Panzer
774 3037 863 3096 Torn.
879 3053 958 3096 vrrt.
974 3058 1043 3116 pag.
1060 3047 1129 3100 352.

273 3137 348 3190 1503
365 3131 420 3189 Ὀ.
435 3132 531 3208 Crispi
554 3133 680 3192 Sallustii
702 3135 811 3211 Opera.
841 3135 898 3194 Hic
919 3136 982 3206 erit,
997 3146 1029 3193 ut
1043 3136 1191 3211 perhibent
1207 3136 1364 3195 doctorum

309 3224 400 3283 corda
424 3227 557 3298 virorum,
580 3229 692 3288 Primus
714 3231 864 3290 CarsPus
880 3232 909 3289 in
925 3231 1065 3290 historia!
1105 3232 1138 3288 ln
1153 3231 1229 3288 line:
1253 3233 1364 3308 ‘Opus

308 3321 366 3380 hoc
380 3321 550 3398 impressum
566 3324 720 3384 Florentiae
734 3345 822 3402 opera
844 3335 874 3384 et
897 3327 1025 3401 impensa
1047 3325 1173 3400 Philippi
1188 3326 1280 3382 luntre
1297 3327 1366 3384 Flo-

307 3418 412 3477 rentini
428 3417 607 3496 Bibliopolas.
640 3423 725 3479 Auno
740 3422 842 3481 salutis
856 3421 1006 3479 millesimo
1021 3419 1250 3496 quingentesimo
1264 3422 1364 3490 tertio,

307 3524 391 3570 sexto
404 3513 538 3573 calendas
552 3517 573 3572 F
575 3516 729 3585 ebruariaa
736 3518 823 3575 Petro
836 3516 970 3574 Soterino
984 3514 1149 3574 Vexillifero
1163 3514 1364 3574 faelicissimo!

308 3613 337 3663 8.
352 3638 392 3648 -
407 3608 518 3667 Panzer
531 3611 620 3670 Turn.
636 3629 699 3673 vu.
715 3633 780 3693 pag.
795 3622 825 3683 7.
846 3612 1033 3673 Praemittitur
1048 3610 1198 3671 Benedicti
1221 3611 1365 3690 Plrilologi

306 3696 429 3756 editoris
444 3708 669 3777 nuncupatoria.

268 3800 345 3855 1504
359 3793 509 3853 Salustius.
525 3796 645 3865 ‘Blesis,
661 3808 764 3874 quarto
778 3782 868 3858 nonas
881 3801 953 3858 lunii
964 3804 1180 3861 nrcccccult!
1192 3810 1220 3860 8.
1232 3808 1364 3874 (curante

306 3889 422 3948 Thonra
445 3889 591 3958 Murchio,
617 3891 774 3960 Genucnsi,
800 3893 851 3969 qui
872 3912 965 3970 pauca
991 3897 1129 3971 praelatus
1150 3898 1361 3959 est.-Harles.

306 3986 471 4045 Introduct.
487 3986 515 4043 in
529 3994 589 4042 not.
604 3984 661 4043 Lit.
678 3986 761 4044 Rom.
776 4006 806 4063 p.
823 4004 863 4047 11.
877 4007 944 4065 pag.
962 3998 1030 4048 250.

228 4157 231 4159 ‚
264 4109 307 4123 -
320 4079 355 4138 C.
372 4080 492 4157 Crispus
507 4079 659 4138 Sallustius
673 4079 711 4138 ab
725 4082 867 4141 Ascensio
880 4083 1056 4143 familiariter
1066 4088 1226 4162 expositus.
1249 4097 1257 4120 ⁸
1272 4089 1364 4149 lehun

305 4175 391 4233 Petit.
413 4176 607 4244 Quae‘omnia
623 4175 826 4236 venundantur
848 4179 998 4236 Parrlrisiis
1017 4180 1046 4237 in
1062 4181 1126 4240 vico
1141 4184 1240 4241 Sancti
1260 4185 1365 4246 iacobi

303 4269 362 4340 sub
374 4269 472 4330 Leone
486 4281 643 4348 argenteo:
664 4282 695 4334 et
706 4272 735 4335 iu
748 4283 847 4335 monte
860 4275 920 4335 divi
935 4276 1036 4335 Hilarii
1050 4296 1086 4338 er
1101 4278 1223 4339 adverso
1238 4279 1366 4358 Collegii

351 4646 505 4744 fx
