3000 5040
516 339 828 390 -c.o.ss1.uusmr.
1147 315 1213 388 829

155 489 450 554 admittuntmaxime
469 490 527 549 hoc
548 509 611 549 sevo
631 488 771 559 nonnulli,
791 487 944 548 verborum
957 486 1048 565 magis
1067 501 1210 566 aucupes,

157 607 244 667 quam
259 587 361 645 mentis
382 585 511 662 antiquae
532 584 680 653 custodes,
703 579 876 662 sprevimus.
917 583 977 661 lpsi
998 603 1065 642 vero
1079 584 1166 643 etiam
1180 585 1210 644 in

111 742 114 746 ,
155 681 288 760 pluribus
301 681 380 750 loeis,
395 700 463 759 quse
476 680 538 737 aliis
554 678 707 757 desperata
722 688 814 747 eraut,
828 687 879 736 aut
892 677 965 736 male
978 689 1089 749 sanata,
1105 699 1211 741 novam

155 777 288 836 inivimus
308 776 482 835 emendandi
501 785 530 834 et
553 774 719 834 restituendi
739 775 890 843 rationem,
910 793 1044 850 eamque,
1068 786 1211 850 quantum

153 871 288 940 decebat,
303 871 490 930 munivimus:
513 871 673 948 saepissime
693 870 798 946 aptiori
821 870 1057 945 interpunctione
1080 882 1131 930 aut
1145 872 1210 931 bre·

155 967 226 1025 viuri
237 968 421 1046 expositione
433 966 550 1024 lectioni
561 964 763 1044 ‘consuluimus
772 974 856 1022 autea
870 965 1010 1023 dubitatae
1024 966 1069 1024 vel
1083 953 1156 1025 male
1167 967 1210 1027 irs·

154 1063 298 1123 tellectae:
320 1063 399 1140 quod
415 1061 532 1136 quidem
547 1060 589 1117 uti
603 1059 689 1116 facile
698 1059 850 1126 videbunt,
860 1059 965 1133 quibus
979 1070 1128 1120 auctorem
1143 1082 1211 1140 per·

154 1156 249 1235 legere
261 1158 378 1216 dulcius
392 1166 447 1226 est,
462 1175 547 1232 quam
568 1173 688 1231 carpere
709 1162 760 1212 aut
774 1154 999 1224 circumfodere,
1013 1156 1054 1212 ita
1067 1174 1121 1214 uec
1133 1158 1209 1230 loca,

154 1252 261 1331 quibus
280 1252 448 1311 subvenisse
469 1251 553 1309 nobis
566 1250 710 1318 videmur,
723 1249 781 1307 hoc
796 1249 862 1307 loco
877 1250 1015 1319 indicare,
1031 1269 1084 1308 nos
1098 1252 1210 1312 animus

96 1356 102 1362 '
153 1356 263 1406 monet.
305 1348 408 1422 Neque
421 1346 460 1402 ab
473 1345 543 1421 ipsis
561 1342 742 1402 historiarum
764 1342 941 1420 fragmentis,
957 1345 1128 1423 ceterisque,
1143 1366 1210 1424 quae

154 1442 289 1504 Sallustio
303 1440 399 1517 affingi
414 1441 518 1508 solent,
540 1438 783 1516 recognoscendis
795 1438 914 1496 omuino
927 1438 1135 1499 abstinuimus:
1157 1441 1209 1502 sed

152 1537 197 1607 iis,
213 1536 320 1614 quibus
333 1545 444 1595 tautum
466 1534 517 1592 otii
530 1540 583 1603 est,
597 1533 672 1593 utin
687 1553 747 1593 uno
761 1543 880 1594 auctore
893 1535 1023 1594 curando
1036 1555 1127 1596 annos
1139 1557 1209 1599 cou-

112 1706 114 1711 .
152 1639 277 1702 sumant,
291 1629 511 1708 relinquendum
524 1628 660 1688 dussimus
670 1638 702 1687 ut
711 1629 739 1686 iu
750 1628 918 1708 fragmentis
932 1630 1030 1691 denuo
1039 1632 1209 1694 ordinandis

152 1727 271 1787 illustris
285 1726 336 1786 viri
348 1726 386 1786 de
399 1731 512 1796 Brosse,
527 1725 691 1802 interpretis
705 1726 880 1796 Sallustiani,
891 1726 941 1804 qui
955 1728 1061 1806 etipse
1075 1727 1208 1790 historias

151 1842 287 1901 reparare
306 1823 424 1883 inolitus
444 1831 498 1891 est,
519 1821 631 1880 ratione
647 1821 693 1880 vel
705 1818 821 1898 ingenio
835 1829 963 1881 utantur.
1003 1824 1129 1884 Gravius
1142 1846 1210 1886 vero

153 1919 211 1990 his,
225 1919 316 1997 quiin
337 1919 460 1979 ruinimis
481 1938 614 1996 magnam
636 1917 778 1977 doctrinas
799 1917 917 1976 laudem
938 1928 1081 1995 quaerunt,
1096 1930 1126 1980 et
1138 1921 1208 1981 seri·

152 2012 241 2074 beudi
253 2013 375 2084 ratione,
389 2034 478 2092 quam
492 2023 604 2073 veteres
614 2013 683 2071 libri
697 2012 828 2071 nonnulli
838 2012 975 2081 offerunt,
986 2014 1138 2073 reddenda
1151 2018 1208 2076 vim

152 2110 257 2189 ingenii
269 2129 303 2170 ae
317 2112 454 2171 sermonis
465 2111 577 2186 antiqui
590 2116 714 2186 ponum,
724 2107 849 2166 seniliter
860 2107 905 2166 vel
914 2106 1063 2184 pueriliter
1070 2128 1208 2186 peccasse

111 2283 114 2287 Ι
151 2200 326 2276 uidebimur,
341 2206 421 2283 quod
443 2206 558 2264 inanem
579 2205 657 2262 illam
673 2202 812 2281 speciem,
826 2201 961 2261 studiosis
975 2201 1053 2262 haud
1068 2205 1208 2266 raro‘offl·

152 2300 289 2370 cientem,
298 2310 368 2380 post
379 2298 555 2370 Munatium,
565 2298 695 2375 aliosque
709 2297 896 2375 sapientiores
905 2297 980 2356 Latii
993 2309 1208 2376 procuratores,

150 2395 325 2456 remisimus.
367 2397 413 2457 lta
426 2395 544 2473 quidem
557 2393 722 2453 Priscianus
736 2394 768 2453 L.
778 2410 843 2452 sss.
852 2412 881 2471 p.
890 2400 960 2462 775.
976 2394 1094 2455 docuit:
1117 2398 1208 2457 ‘Om-

151 2489 243 2560 nium,
258 2511 325 2568 quae
340 2500 399 2550 tarn
423 2489 632 2549 nominativum
655 2507 743 2566 quam
764 2489 923 2567 genitivum
946 2490 1068 2551 similem
1089 2493 1208 2566 habent,

151 2606 254 2646 eorum
267 2586 452 2647 accusativus
465 2606 531 2646 raro
546 2585 575 2644 in
595 2605 634 2656 es,
654 2584 863 2662 frequentetis
878 2585 904 2644 is
918 2587 991 2646 solet
1004 2587 1159 2658 terminari,
1175 2599 1210 2652 ut

151 2682 200 2742 hic
214 2691 244 2743 et
261 2683 325 2743 llaec
350 2686 452 2754 omnis,
477 2683 566 2759 hujus
587 2683 689 2751 omnis,
711 2682 763 2741 hos
784 2691 815 2741 et
837 2681 889 2740 has
912 2685 1016 2742 omnis.
1057 2684 1208 2745 Sallustius

152 2778 239 2838 Catil.
265 2780 367 2839 Omnis
389 2779 527 2848 homines,
552 2781 603 2858 qai
626 2797 684 2837 sese
702 2776 832 2838 stodeat.
873 2777 1025 2837 Terentius
1047 2778 1075 2838 in
1097 2780 1209 2847 Andria

153 2875 246 2934 omnis
269 2893 324 2933 ssos
345 2874 487 2954 gaudere.
509 2873 667 2952 Virgilius,'
687 2877 744 2932 &a
766 2880 796 2930 et
817 2872 860 2931 sic
877 2892 944 2932 saue
958 2874 1033 2933 Mss.
1046 2874 1158 2952 Virgilii
1171 2895 1208 2935 ac

152 2967 263 3046 lapides
277 2979 388 3030 veteres
401 2971 486 3030 multi
502 2970 618 3030 babent.
643 2969 701 3028 Sed
716 2978 746 3028 et
761 2976 890 3028 veterum
904 2969 962 3038 alii,
976 2989 1050 3047 quos
1063 2972 1208 3031 Gruterus

154 3063 184 3122 in
194 3051 344 3124 Ciceronis
356 3066 439 3126 libris
448 3085 470 3124 a
489 3085 518 3124 se
531 3063 686 3140 castigatis,
701 3071 732 3122 et
744 3061 869 3121 editores
883 3062 1013 3121 Terentii
1027 3064 1151 3124 maxime
1164 3086 1209 3125 sc-

152 3167 292 3238 quuntur,
316 3160 389 3219 illud
411 3163 438 3219 is
458 3162 579 3238 longum
601 3159 730 3218 maluere
750 3177 802 3236 per
821 3159 863 3215 eis
884 3157 1020 3228 scribere,
1046 3168 1078 3219 ut
1091 3165 1208 3234 omneis,

152 3255 249 3325 civeis,
263 3255 395 3332 sortes's:
414 3255 504 3314 etalii
518 3254 647 3332 regulum
660 3252 767 3330 egressi
788 3272 850 3311 earn
873 3255 1045 3314 transtulere
1067 3259 1208 3319 etiamad

152 3348 217 3425 alia,
240 3351 429 3429 utmojorcs's,
452 3352 583 3418 montoir,
603 3348 641 3407 de
665 3368 724 3426 quo
748 3347 817 3407 vide
840 3348 922 3426 apud
936 3349 1030 3426 Sosip.
1045 3350 1208 3412 Charisium

153 3456 224 3520 pag.
240 3453 306 3503 111.
321 3453 351 3503 et
363 3447 398 3503 P.
413 3445 601 3504 Consentium
616 3463 647 3521 p.
663 3452 753 3504 2040.
769 3442 820 3520 qui
841 3451 939 3502 tamen
953 3444 1013 3520 ipse
1028 3452 1133 3512 mouet,
1148 3444 1209 3520 ple·
1237 3447 1239 3451 ’

153 3556 246 3616 raque
257 3559 294 3597 ex
309 3539 370 3598 istis
392 3540 498 3617 regulis
520 3538 731 3599 consuetudine
745 3557 808 3595 esse
827 3537 987 3604 immutata,
1002 3554 1097 3611 neque
1111 3555 1208 3601 earum

154 3632 212 3690 vim
236 3641 379 3710 perpetuo
400 3634 589 3693 custoditam.
637 3634 671 3690 ln
696 3650 754 3708 qua
777 3631 973 3689 inconstantia
997 3630 1152 3692 maluimus
1178 3635 1208 3694 iu

154 3728 253 3788 libello
267 3747 328 3804 prae
338 3728 441 3786 ceteris
451 3727 602 3803 juventuti
616 3725 703 3787 bodie
716 3725 863 3784 destinato
878 3726 1052 3786 usitatiorem
1066 3726 1208 3789 rationem

155 3823 248 3902 sequi,
263 3844 299 3882 ex
321 3832 473 3900 praecepto
494 3821 665 3890 Quintiliani
688 3836 752 3879 vr1.
778 3829 824 3888 17.
839 3839 875 3880 ne
889 3821 960 3897 quid
983 3822 1208 3901 ‘iisproscipue,

156 3919 207 3998 qui
225 3917 264 3978 ad
286 3918 441 3977 lectionem
460 3918 655 3986 instituentur,
678 3915 887 3995 impedimento
908 3916 1207 3988 sit.''1'aeemusslis,

156 4014 303 4092 nisiquod
312 4034 354 4074 eo
375 4014 462 4074 etiam
486 4014 682 4090 consuluimus
705 4013 807 4075 studiis
824 4013 977 4092 juvenum,
1000 4012 1080 4092 quod
1095 4011 1209 4073 notulas

158 4110 343 4191 aspersimus,
358 4131 417 4190 quo
431 4111 526 4173 minus
540 4111 678 4172 baeresut.
