3000 5040
201 324 268 396 636
551 341 658 392 uere
678 340 879 390 vaatoauu
904 342 943 389 ru

201 486 311 536 bominis
321 485 384 535 fider
395 483 582 548 implorandai'
598 486 669 548 Ergo
677 498 731 547 quoe
769 483 864 534 decet?
880 484 976 534 Verum
985 499 1057 536 meus
1065 485 1141 550 liber,
1148 491 1225 537 tutore
1232 489 1295 538 licet.

197 562 314 625 ,metten
324 561 468 623 Sallustius,
477 575 533 624 pro,
543 576 599 624 quoe
608 558 730 611 inroretur?
767 561 854 610 Ptine.
864 561 890 609 in
900 562 1013 612 Merrut.
1029 564 1037 590 ‘
1049 563 1146 614 invoco
1158 579 1202 613 voe
1217 567 1295 615 Lareu

201 653 295 700 quorum
299 637 375 701 fidem
386 643 409 686 et
420 638 603 686 mirericordiam
610 638 731 700 implorem
766 637 858 699 diales,
869 653 909 686 rue
922 639 1030 688 tutelis)
1040 639 1075 689 Et
1087 640 1202 702 Neuius,
1212 642 1296 689 ‘Tuon

200 711 419 776 olqueerporcoml
444 731 459 762 o
477 715 731 777 quibuaopemoumili·
767 713 1149 777 qnioelsosterminoatutaut!
1165 715 1297 764 VideNo·

199 785 386 852 erumperant
403 790 502 840 Rivius.
598 843 601 848 ,
766 789 845 837 nium.
865 789 944 837 Ciorr.

194 910 200 926 ,
235 864 288 920 Quo
315 868 431 929 accedam,
451 872 494 915 out
518 882 574 930 quor
607 867 730 931 appellem]
801 865 952 914 bonnm
979 864 1049 927 agot]
1085 867 1182 928 Supra:
1210 866 1296 919 ‘Quae

199 940 571 1006 Donatiullecyra'l'ereot.
599 943 677 997 ‘Qua
687 957 728 992 ac·
765 939 844 989 etiam
867 941 1008 991 mediocres
1030 942 1108 1002 viros,
1130 955 1175 1003 ope
1200 943 1295 1004 praedae

199 1017 293 1080 eidam,
304 1026 348 1068 aaut
359 1034 422 1083 quor
434 1020 450 1069 :'
467 1021 512 1070 red
524 1022 581 1071 aliie
590 1022 651 1071 locie
661 1035 727 1069 corn-
765 1021 923 1067 moerereoo
933 1017 1007 1081 ugit!
1031 1018 1106 1073 Coto.
1117 1019 1124 1044 ‘
1137 1024 1296 1066 transversos

94 1114 99 1125 ·
195 1092 318 1157 ptorttnn
328 1096 593 1149 Saliareederedixit:
611 1105 640 1147 ut
652 1096 728 1161 paulo
765 1091 889 1151 trudere}
911 1092 978 1141 dixit
998 1089 1068 1157 apud
1089 1091 1173 1156 Agell·
1195 1107 1245 1142 vu.
1269 1098 1294 1143 ³.

195 1178 262 1221 ante
279 1173 348 1236 ‘quo
366 1174 526 1236 potissimum
545 1172 636 1224 infelix
658 1186 728 1221 aooe·
766 1167 842 1216 Idem·

200 1244 286 1295 deuri'
313 1254 425 1310 etpost:
449 1249 591 1312 ‘pleraque
602 1248 661 1297 loca
672 1249 728 1297 bor·
799 1242 916 1304 Qweco
925 1244 995 1292 audio
1005 1243 1212 1307 eummoopeaili]
1239 1245 1295 1294 Ma·

200 1320 611 1387 tilitercumequitatuaocedit.’
642 1325 726 1375 Item:
765 1319 1077 1383 nuucriptaflttw'muvpe
1095 1320 1149 1369 nili·
1167 1321 1294 1383 quomodo

199 1396 338 1447 ‘Bocchus
360 1414 417 1447 cnm
439 1413 531 1463 magua
563 1400 728 1450 multitudine
765 1396 947 1446 etBadianum
964 1397 1097 1458 exemplar
1116 1404 1144 1445 et
1163 1397 1297 1452 beroaldi-

199 1474 481 1537 loguruornaccedtu’
514 1476 651 1541 Denique:
669 1478 728 1528 ‘Ju
765 1486 834 1534 uum,
853 1473 898 1521 sed
910 1473 1000 1522 eodem
1019 1486 1106 1534 renen,
1117 1487 1173 1536 pro,
1192 1472 1295 1520 urturmie

199 1551 317 1611 gurtbam
348 1550 466 1614 placandi
497 1552 580 1614 gretia
606 1552 726 1603 accedit?
765 1549 871 1599 viribus.
889 1549 986 1598 Ririm.

197 1624 280 1682 Τίΰῑῑ·
303 1639 361 1675 xtv.
383 1625 579 1699 ‘utquomque
596 1629 727 1678 nationem
798 1626 896 1675 Summo
913 1640 955 1688 ope
970 1624 1030 1687 niti]
1056 1623 1158 1673 Eruditi
1179 1623 1295 1671 nonnulli

197 1702 369 1751 aoceeuerat?
397 1710 424 1752 et
444 1703 515 1752 Hiet.
534 1718 578 1753 ru.
603 1706 678 1755 ‘baec
698 1712 728 1755 ot
764 1700 813 1748 viri
834 1700 971 1763 legendnm
990 1700 1165 1749 arbitrantur:
1191 1700 1295 1747 mxima

197 1789 314 1840 quotque
326 1779 489 1829 eccerrerat!
507 1780 586 1829 Gioco.
764 1793 806 1841 ope
815 1778 872 1827 aiii.
905 1778 1022 1827 Priorem
1034 1778 1172 1826 lectionem
1190 1776 1216 1824 iu
1232 1777 1295 1824 uteie

197 1886 202 1895 ι
231 1852 529 1919 ίὶιιοιεοεάωι,ιιιᾳιω
544 1854 668 1918 appellem]
684 1855 728 1906 lta
764 1855 836 1904 libris
849 1855 953 1914 inveni;
970 1863 997 1903 et
1008 1854 1144 1904 confirmat
1157 1853 1294 1903 Sallustius

197 1927 266 1978 Pell.
284 1931 321 1979 ita
332 1932 484 1993 Vaticanus,
495 1933 535 1980 ita
548 1933 726 1995 Bongarsiaui.
764 1931 790 1980 in
802 1932 875 1981 initio
886 1933 1030 1982 Catilinarii
1043 1948 1049 1980 ι
1068 1933 1074 1958 ¹
1088 1931 1168 1980 omnis
1180 1930 1293 1978 hominen

197 2005 304 2057 &nun
318 2015 403 2057 tomen
415 2009 528 2071 intrusit,
538 2024 594 2071 quor
603 2008 726 2059 occidam?
764 2007 808 2071 qui
819 2023 876 2056 aere
887 2008 994 2056 student
1004 2013 1128 2071 praestaro
1137 2005 1231 2054 ceteris
1241 2006 1294 2053 ani·

197 2080 333 2133 Guttertu.
763 2082 871 2131 malibus
879 2082 895 2129 ε’
918 2090 946 2130 et
957 2084 983 2130 in
1003 2081 1173 2143 Jugurtbino:
1200 2079 1293 2127 ‘nobie

230 2158 362 2219 Perireauo,
383 2158 522 2218 Moeirrireo,
544 2158 580 2207 ito
598 2173 640 2207 troo
658 2158 726 2207 iaeti-
763 2157 797 2206 ob
808 2159 900 2207 merita
910 2174 957 2207 ntra
968 2173 1053 2219 eorus,
1066 2166 1095 2207 nt
1110 2158 1178 2206 idern
1191 2157 1291 2206 renatni

198 2233 263 2297 tau]
280 2235 312 2284 ln
324 2235 451 2283 uounullie
467 2241 518 2296 oet,
529 2235 640 2297 Mioipeo,
651 2243 680 2284 ut
692 2234 726 2284 de
763 2236 908 2298 populoque
928 2234 1044 2284 Romano
1063 2235 1106 2293 rit,
1126 2248 1224 2282 nrmtua
1242 2249 1291 2297 ope

197 2318 341 2374 petreeuo,
359 2327 470 2360 nonavo
490 2311 624 2374 loquatur:
650 2316 678 2359 et
688 2308 725 2361 rie
763 2310 895 2360 nitemurr’
922 2318 958 2372 et,
978 2309 1089 2358 ‘uedab
1112 2308 1201 2358 iladem
1222 2310 1291 2372 regio

197 2401 299 2453 quoque
315 2389 505 2438 Florentinum:
523 2387 586 2436 licet
598 2388 674 2436 aliter
684 2400 726 2436 co·
763 2383 904 2436 tentorium
912 2400 1011 2434 summa
1021 2399 1071 2447 ope
1082 2384 1177 2433 enirum
1186 2382 1201 2431 :’
1223 2384 1293 2446 item,

197 2461 270 2513 dicer
281 2463 306 2512 in
315 2464 462 2513 membrana
473 2462 606 2526 descripti.
633 2462 726 2511 Rioiur.
763 2461 874 2512 ‘contra
889 2476 934 2511 eos
954 2475 1051 2510 stimma
1068 2475 1117 2523 opo
1138 2459 1293 2509 nitebatur?

199 2573 203 2602 2
230 2541 360 2590 Monimou
379 2557 421 2590 aot
441 2541 476 2589 ito
497 2538 616 2601 iaetituil]
649 2539 727 2588 Hand
764 2538 940 2601 et,‘Vorpro
958 2537 1091 2599 libertate,
1110 2551 1186 2601 qnam
1200 2537 1294 2585 abillis

196 2612 273 2664 aliter
295 2617 359 2665 Mes.
382 2617 471 2665 nostri.
515 2616 545 2663 ln
567 2616 637 2663 nullo
655 2629 726 2677 eane,
763 2613 911 2677 accepistin,
922 2627 1005 2662 noune
1025 2628 1122 2662 anmrna
1133 2628 1182 2677 ope
1194 2613 1293 2661 nitenti·

197 2689 326 2750 reperitur
344 2691 450 2738 aliorum
471 2691 583 2751 Micipsa,
602 2690 669 2751 quod
688 2689 725 2737 in·
763 2689 811 2737 nii‘
823 2696 850 2737 et
861 2690 1010 2739 inoratioue
1018 2690 1049 2738 ad
1059 2691 1187 2738 Caesarem
1195 2689 1226 2737 de
1236 2703 1291 2752 rep.

196 2769 285 2825 aptum
305 2772 360 2812 eet:
384 2778 442 2812 uam
462 2764 584 2811 vixerunt
605 2763 725 2824 ttttctpsae
762 2763 922 2812 ordinanda:
940 2765 995 2813 ‘M.
1008 2765 1082 2813 Livio
1096 2765 1180 2812 Druao
1190 2778 1292 2827 semper

195 2836 269 2892 liberi
281 2838 358 2888 etiam
370 2838 418 2886 snb
430 2837 568 2886 Muriaiaro.
590 2836 726 2891 Gruterus,
762 2839 895 2887 consiliunt
917 2838 976 2902 fuit,
997 2841 1023 2887 in
1047 2840 1177 2888 tribunatu
1194 2855 1292 2888 summa

201 2957 204 2961 .
231 2913 284 2963 Uun
304 2915 451 2963 occidendum
473 2910 615 2973 nullaene]
643 2912 725 2961 Simili
762 2928 812 2976 ope
821 2914 869 2962 uiti
881 2929 927 2976 pro
939 2915 1093 2964 nobilitate!
1110 2916 1208 2978 Popmo.

196 2992 327 3040 sententia
344 2988 648 3039 oeusuideturLiviual.
661 3001 725 3037 xuv.
794 2990 824 3037 la
842 2989 885 3038 ltoo
902 2990 1008 3038 miserior
1023 2991 1209 3053 murmurium]
1235 2991 1292 3042 Cic.

197 3077 224 3117 et
236 3065 454 3117 sorteaSallurtio
466 3080 522 3115 earn
533 3072 664 3115 mutuatur
676 3072 726 3125 eet,
762 3070 822 3113 ante
840 3065 978 3129 quamiret
997 3066 1025 3114 in
1041 3067 1175 3116 exsilium:
1193 3071 1200 3095 ‘
1212 3069 1291 3131 proji-

196 3155 253 3190 rurn
284 3143 366 3192 dixit:
394 3142 592 3191 ‘Massanirsem
619 3142 728 3192 uictoria
762 3140 1120 3194 cttnrt'uttturinexrittum:
1144 3145 1291 3194 Ciucooaiue.

195 3215 370 3265 Romanorum
389 3218 473 3266 laetari
489 3219 579 3266 mirum
599 3232 727 3281 noneste,
769 3261 772 3265 .
797 3219 887 3267 Eodem
904 3219 953 3267 lor
971 3219 1131 3282 simulantem]
1157 3221 1244 3280 Forte,
1254 3236 1292 3270 eo-

197 3291 241 3353 qui
254 3298 348 3339 nortem
359 3307 460 3341 omnent
471 3292 583 3342 fortunae
601 3296 726 3358 regnique
762 3296 815 3342 deur
824 3295 1024 3344 eiceimuloutem.
1057 3296 1123 3344 Vide
1140 3296 1173 3343 ad
1193 3296 1292 3345 Livium

195 3364 301 3413 auicurn
314 3365 724 3433 rebueRotuenieimmiscuisset!
763 3382 854 3419 xxrtt.
867 3375 891 3419 t.
910 3370 1049 3418 Grouooiua.

199 3438 306 3491 Uritano.
796 3447 911 3494 Omnibus
929 3446 997 3494 untia
1011 3437 1169 3505 excruciatur]
1194 3444 1224 3492 ln
1237 3443 1291 3507 qui·
1318 3474 1319 3477 =

232 3512 326 3562 Virtute
345 3529 373 3563 oo
392 3515 449 3564 Diir
469 3517 609 3579 uolentibua]
639 3520 684 3587 Sio
697 3522 723 3572 in
762 3519 869 3567 bttrdanr
883 3520 1064 3581 additur,ipro.
1082 3520 1178 3567 Rivius.

194 3596 260 3640 orat.
278 3591 381 3638 Cottae:
407 3592 513 3640 ‘Multa
530 3593 590 3642 milti
609 3595 724 3657 pericula
794 3595 881 3644 Tumea
898 3595 1025 3642 laetoaduar
1040 3593 1117 3653 onogia
1132 3608 1202 3655 quom
1216 3594 1292 3643 dolea-

195 3665 272 3725 domi,
290 3666 388 3718 militiae
408 3668 489 3717 multa
508 3668 594 3728 luere,
615 3685 723 3733 quorum
760 3672 816 3718 duur
831 3686 910 3719 cneum
928 3675 994 3718 tuum
1011 3668 1080 3731 puto]
1104 3670 1291 3733 Maunacripta‚

193 3742 244 3813 alia
256 3743 374 3803 toleravi,
392 3744 486 3806 partim
504 3746 596 3808 repuli,
608 3748 723 3797 Deorum
760 3747 1189 3808 quotudoleadumputororuratuum.
1206 3746 1290 3797 ldenr.

195 3819 297 3869 auxiliis
305 3826 332 3869 et
341 3819 439 3868 virtuto
447 3820 519 3869 areu?
537 3823 623 3872 Ciacc.
636 3823 723 3873 Caeeer
794 3822 853 3876 Quoe
864 3837 900 3870 me
917 3827 1025 3883 premunt
1043 3822 1169 3884 mutuos]
1193 3823 1292 3887 Scripti

195 3909 298 3960 quoque
310 3895 347 3944 ita
363 3895 474 3958 locutus,
490 3905 518 3944 ut
538 3899 563 3947 in
583 3902 678 3950 nostrie
690 3900 723 3951 ad
760 3897 928 3961 quidamlibri
939 3913 945 3944 :
956 3899 1291 3959 quemopremuutorr'eerioa:

194 3984 254 4020 eum
266 3973 332 4021 notio
344 3970 512 4020 ostendimur.
532 3975 638 4024 Uraiauu.
760 3980 789 4023 ut
798 3975 876 4037 puolo
885 3981 962 4021 ante:
981 3974 1070 4036 ‘cujus
1079 3975 1156 4038 impio
1166 3974 1290 4036 facinore,

227 4047 346 4097 Sociorum
367 4047 468 4109 injurius
486 4064 567 4099 rurore
587 4051 653 4114 licet]
680 4053 722 4102 sic
760 4049 786 4096 iu
806 4049 850 4096 bae
870 4046 985 4096 miseriae
1004 4049 1136 4112 projectus
1157 4049 1236 4097 eumd
1262 4056 1289 4098 rt

195 4137 282 4190 rnpra,
303 4129 310 4155 ‘
324 4126 415 4191 quibua
428 4141 474 4189 pro
491 4128 666 4190 magnitudine
678 4129 722 4178 im·
760 4125 871 4174 iterun:
896 4124 903 4150 ‘
917 4121 1005 4173 fratria
1015 4126 1063 4174 mei
1077 4125 1154 4186 aeoir,
1164 4138 1289 4173 arearum·

194 4201 270 4264 perit,
278 4202 322 4264 jur
333 4211 360 4252 et
371 4202 477 4268 injuriat
488 4218 575 4255 omnen
586 4221 655 4256 curae
666 4219 723 4256 eure
761 4214 811 4264 qne
830 4213 1000 4251 aetttmttttrttm
1017 4208 1108 4263 gravet
1127 4213 1214 4265 poeuae
1233 4199 1290 4252 ted·
