3000 5040
195 379 266 454 792
548 392 705 441 narrum
730 392 939 440 aroannam

196 537 342 606 vitiorum,
352 535 471 596 Catonis
485 555 521 594 ac
531 536 716 613 Thucydidis
730 535 888 613 exemplo,¹
904 535 1108 595 acerbissimus
1123 535 1293 606 insectator,

196 629 271 689 obiit
284 629 475 706 quadriennio
493 640 559 689 aute
580 650 704 707 pugnam
721 631 881 701 Actiacam,
897 651 964 708 quae
978 632 1133 690 commissa
1151 641 1196 689 est
1214 649 1293 688 auno

129 758 134 767 =
197 725 287 784 Urbis
302 734 370 790 723.
386 735 450 785 ante
464 727 521 786 Ch.
538 734 587 786 31.
603 728 734 786 Numum
754 737 886 785 ornatum
902 726 1033 785 Sallustii
1051 728 1148 802 capite
1170 726 1294 784 imberbi

196 818 289 879 edidit
303 820 425 895 primum
440 821 559 880 Fulvius
569 821 692 881 Ursinus
705 840 774 880 cum
789 821 974 898 inscriptione
995 829 1004 854 ‘
1019 820 1163 880 Salustius
1179 821 1296 880 Actor!

196 915 326 974 Annotat
336 906 475 993 porroJo.
483 910 585 989 Faber,
598 938 718 977 numum
729 917 808 976 illum
820 917 910 975 luisse
917 910 1143 985 conternantem,
1157 914 1299 974 ‘autoris'

196 1027 266 1069 vero
286 1011 462 1070 vocabulum
483 1014 567 1072 aliter
590 1014 687 1088 accipi
712 1032 800 1087 quam
825 1012 863 1069 ab
888 1013 952 1088 ipso
979 1013 1124 1081 Sallustio,
1147 1013 1196 1089 qui
1219 1033 1246 1070 c.
1262 1022 1294 1072 3.

197 1103 287 1165 Catil.
301 1118 451 1165 auctorem
467 1127 562 1165 rerum
585 1126 603 1165 a
622 1107 763 1183 scriptore
782 1104 942 1181 distinguit.
978 1107 1294 1183 Inscriptionesetiam

196 1200 376 1278 antiquiores
397 1212 428 1261 et
451 1202 528 1260 aetati
544 1202 669 1260 Sallustii
684 1202 786 1258 vicinae
806 1200 886 1277 apud
905 1201 1029 1259 eundem
1046 1202 1183 1259 Ursinum
1198 1221 1228 1278 p.
1243 1210 1294 1270 90.

197 1295 274 1355 sicut
287 1307 317 1353 et
333 1293 504 1362 Quintiliani
518 1303 548 1351 et
563 1294 705 1351 Marciani
716 1293 844 1370 Capellae
858 1293 988 1363 codices,
1003 1306 1032 1352 et
1048 1295 1172 1362 Horatii,
1188 1315 1295 1353 riomen

195 1389 268 1449 illud
290 1408 348 1447 non
371 1409 437 1448 curn
462 1387 597 1465 simplici,
618 1389 669 1446 sed
692 1388 836 1464 geminata
858 1388 940 1446 litera
963 1389 1013 1446 LL
1029 1388 1194 1448 efferunt:²
1216 1390 1296 1449 unde

197 1484 349 1544 concludit
369 1484 472 1554 Faber,
491 1483 571 1540 illum
594 1501 713 1540 numum
738 1482 791 1540 diu
813 1492 880 1559 post
902 1482 1032 1540 Sallustii
1053 1492 1168 1542 mtatem
1191 1505 1294 1543 cusum

197 1578 296 1648 luisse,
305 1587 336 1638 et
347 1578 468 1638 fortasse
479 1586 552 1647 tum,
564 1597 631 1637 cum
643 1577 765 1635 aliorum
775 1596 893 1654 quoque
904 1577 944 1636 ill.
956 1578 1081 1636 virorum
1097 1581 1177 1638 numi
1191 1580 1295 1639 eadem

196 1672 291 1733 l'orma
312 1684 380 1733 sunt
403 1674 529 1752 percusi.
570 1675 694 1732 musar
714 1684 824 1744 autem,
845 1673 1027 1754 ejuscemodi
1048 1694 1161 1745 numos,
1187 1676 1296 1753 quibus

197 1768 336 1826 memoria
359 1778 487 1828 veterum
511 1769 654 1827 clarorum
677 1769 803 1827 virorum
825 1780 1054 1839 conservaretur,
1078 1772 1202 1849 coepisse
1224 1772 1296 1830 cudi

196 1874 264 1941 post
274 1864 498 1923 Constantinum
509 1867 552 1922 hl.
564 1877 593 1924 et
607 1865 732 1924 maxime
747 1866 801 1925 sub
817 1867 960 1925 Honorio.
996 1867 1124 1926 Dolebat
1139 1868 1296 1926 Gisbertus

197 1958 341 2035 Cuperus,
352 1980 410 2018 non
422 1961 567 2039 proditam
578 1962 617 2020 ab
628 1963 735 2021 Ursino
745 1973 856 2039 partem
870 1962 950 2020 numi
964 1981 1104 2033 aversam,
1116 1963 1170 2021 nisi
1184 1964 1296 2022 nudam

197 2044 322 2114 l'ortassc
337 2059 453 2134 reperit.
494 2057 591 2116 Etiam
606 2059 675 2117 Car.
692 2058 809 2116 Patinus
832 2055 923 2115 edidit
945 2076 1074 2125 numum,
1091 2057 1120 2113 in
1140 2059 1297 2134 quocirca

198 2162 289 2228 caput
313 2153 377 2226 viri,
401 2153 453 2212 sed
477 2153 556 2231 quod
581 2153 654 2210 male
680 2153 833 2211 barbatum
857 2170 910 2229 pro
934 2149 1015 2210 nudo
1037 2151 1165 2221 exhibet,
1191 2152 1298 2228 legitur

199 2244 344 2306 Salustius
373 2251 477 2306 Autor.
528 2248 614 2305 lllum
638 2267 707 2306 vero
731 2248 901 2325 neutiquam
929 2246 1113 2308 referendum
1141 2257 1225 2323 putat
1253 2248 1293 2305 ad

197 2341 370 2418 scriptorem
396 2342 463 2399 belli
484 2341 622 2418 Jugurtb.
643 2341 694 2400 sed
723 2343 867 2419 pertinere
892 2341 930 2401 ad
958 2341 1132 2412 Sallustium,
1157 2343 1296 2418 quicum

197 2433 322 2494 leontio
335 2436 446 2495 Consul
470 2435 527 2495 fuit
551 2440 588 2494 Α.
603 2437 642 2495 U.
654 2437 691 2494 C.
715 2435 802 2506 1096.
824 2438 881 2500 Cb.
898 2445 966 2499 344.
990 2437 1200 2515 imperantibus
1216 2439 1298 2496 Con·

196 2531 325 2589 st'cntino
335 2530 463 2605 juniore,
478 2533 651 2590 Constantio
665 2543 695 2590 et
708 2533 879 2602 Constante,
895 2533 945 2610 qui
955 2533 1065 2590 Consul
1080 2544 1158 2591 certe
1172 2553 1187 2590 a
1202 2534 1297 2591 Zabu-

197 2624 267 2684 rella
291 2626 444 2685 Sallustius
469 2629 568 2687 Autor
596 2629 827 2705 cognominatur.
867 2630 900 2685 ln
927 2646 1028 2686 aversa
1053 2639 1136 2705 parte
1163 2638 1219 2687 tres
1243 2630 1297 2687 viri

135 2734 140 2741 ·
198 2717 301 2798 togati,
322 2742 338 2779 e
359 2722 466 2800 quibus
489 2724 597 2782 medius
620 2743 704 2782 manu
727 2733 805 2782 tenet
825 2721 989 2792 aedificium,
1013 2724 1083 2796 sive,
1105 2734 1137 2782 ut
1152 2724 1296 2800 Sigebert'.

197 2815 426 2894 Havercampius
441 2819 502 2895 (qui
516 2819 639 2878 eundem
655 2839 773 2878 numum
784 2819 871 2878 offert
887 2821 914 2878 in
929 2821 1003 2883 libro
1018 2821 1055 2881 de
1070 2822 1163 2880 numis
1179 2832 1296 2880 contor-

196 2911 282 2969 niatis
297 2931 363 2988 pag.
382 2916 460 2985 149.)
482 2912 685 2991 hydraulicum
708 2935 849 2993 organon,
872 2918 909 2975 ael
935 2937 1014 2975 oram
1037 2919 1170 2995 ascriptis
1186 2918 1296 2976 verbis:

199 3022 356 3066 faraoni
380 3024 543 3069 Phocaea.
579 3012 677 3078 Qiram
688 3012 810 3070 Ursinus
820 3032 939 3092 quoque
953 3015 1087 3091 adjunxit
1101 3014 1178 3072 ιιιιιιιί
1194 3013 1296 3071 facicm

197 3111 255 3185 tres
277 3102 378 3179 figurae
400 3103 549 3177 decorant,
571 3105 623 3165 sed
645 3106 840 3177 taurinatum,
863 3118 893 3166 et
913 3110 1002 3167 verba
1022 3124 1296 3167 Morta......ouns.

197 3193 290 3275 Apud
308 3200 428 3259 Paulum
445 3222 512 3259 vero
526 3202 701 3263 Pedrusium
715 3204 754 3261 T.
769 3220 800 3261 v.
816 3222 846 3280 p.
862 3204 910 3264 36.
926 3205 954 3261 in
970 3223 1070 3262 aversa
1085 3213 1164 3280 parte
1180 3203 1298 3279 conspi-

196 3294 274 3354 citur
288 3293 378 3373 figura
393 3297 518 3354 hominis
540 3298 677 3368 sedentis,
701 3298 762 3367 viri,
784 3317 841 3356 non
857 3297 999 3357 soemiuae:
1024 3296 1100 3353 unde
1122 3315 1175 3353 nec
1191 3297 1298 3354 Numi-

196 3388 284 3463 diam,
299 3412 354 3451 nec
371 3414 438 3452 cum
455 3393 593 3452 Pedrusio
608 3414 639 3472 p.
656 3403 706 3463 39.
748 3393 907 3452 Historiam
928 3393 965 3450 ab
988 3391 1034 3447 illa
1051 3390 1181 3447 denotari
1203 3392 1299 3449 credi·

195 3480 298 3546 derim.
339 3490 445 3549 Similis
461 3492 546 3568 plane
561 3490 654 3568 ligura
672 3492 700 3549 in
721 3510 809 3548 numo
824 3487 983 3548 Alexandri
999 3485 1108 3555 Severi,
1124 3485 1164 3542 ib.
1181 3504 1209 3561 p.
1223 3484 1296 3545 286.

196 3579 246 3670 ubi
267 3581 371 3641 iterum
388 3586 546 3649 Historiam
570 3588 727 3648 Pedrusius
746 3586 810 3645 vult
831 3584 949 3663 intelligi
972 3602 1074 3662 parum
1093 3580 1297 3640 verisimiliter.

192 3817 286 3867 hensus
306 3816 338 3866 ab
354 3815 421 3866 Αιιιι.
434 3819 533 3868 llliloue
552 3823 577 3870 in
596 3825 723 3873 adulterio
800 3824 982 3887 'Thucydidis
1003 3822 1123 3870 aemulum
1144 3830 1220 3871 vocat
1238 3823 1299 3870 Vel-

194 3909 253 3944 cum
263 3909 341 3943 uxore
349 3894 537 3958 Fausta‚Syllae
547 3896 723 3959 lilia,tlagellis
764 3897 829 3946 leius
842 3912 872 3946 ιι.
884 3903 922 3946 36.

194 3984 276 4018 casus
288 3986 342 4019 osse
351 3969 456 4032 dicitur,
466 3979 495 4020 ut
508 3971 587 4020 refert
596 3972 722 4023 Asconius
796 3973 809 4000 ²
827 3974 858 4021 lu
868 3974 1007 4037 Plutarchi,
1016 3973 1092 4022 Dion.
1100 3974 1224 4036 Stephani
1234 3973 1297 4037 Byr.

193 4046 501 4112 iuejus(blilonia)vita.'
526 4049 723 4099 rldchellium
764 4050 849 4099 Suidae
868 4059 896 4100 ct
918 4051 1025 4100 aliorum
1053 4051 1205 4100 Gflrcormu
1226 4049 1299 4100 libris

194 4133 265 4194 amr.
286 4128 322 4170 ta.
350 4124 498 4174 Suetonium
511 4125 724 4175 deGrammatic.
765 4127 917 4178 Σαλούστιος.

194 4209 219 4248 c.
231 4199 270 4247 ts.
283 4204 309 4245 et
322 4198 439 4250 Lactant.
452 4214 482 4250 ιι.
496 4205 536 4251 12.
