3000 5040
192 365 257 433 ret
539 370 698 427 uortrrn
722 373 934 425 nrrnuanra
1034 423 1044 433 ,

193 521 301 581 nullius
321 520 397 581 alius
418 513 569 597 scriptoris
584 517 687 577 veteris
709 527 754 577 tot
771 517 859 576 codd.
875 516 978 595 scripti
999 524 1109 588 extant,
1124 532 1213 594 quam
1227 515 1291 574 Sal·

194 618 283 688 lustii,
298 627 327 676 et
343 617 469 676 auctoris
483 616 620 674 librorum
636 615 672 673 ad
689 615 887 674 Herennium:
909 614 988 674 unde
1002 623 1092 691 patet,
1103 634 1154 672 eos
1168 613 1259 672 libros
1269 630 1292 670 a

193 714 290 774 multis
301 715 392 772 lectos
406 731 479 782 esse.
491 723 524 770 ut
536 712 650 787 opinor,
662 721 781 789 propter
791 711 963 769 brevitatem
975 718 1005 769 et
1018 730 1141 768 acumen
1154 707 1292 768 orationis

192 819 223 868 et
243 811 351 868 stam:
382 809 434 868 sed
461 827 498 867 ea
520 808 684 886 frequentia
711 806 919 884 exemplarium
939 808 1053 884 peperit
1073 803 1291 864 multitudinem

193 903 374 973 mendarum,
390 905 560 981 glossarum,
576 903 844 981 interpolationem,
858 922 926 981 ane
945 911 976 961 et
995 903 1025 960 in
1045 900 1115 960 edd.
1129 900 1229 977 primis
1250 919 1294 958 re·

194 998 356 1075 periuntnr.
397 998 513 1057 Laudat
534 998 660 1066 Quintil.
685 1015 721 1056 x.
748 1007 776 1056 1.
802 1017 870 1074 pag.
895 998 962 1058 ssd
984 996 1207 1056 ‘Sallustianam
1230 996 1295 1054 bre·

195 1093 334 1164 vitatem:
353 1113 411 1171 qna
431 1094 502 1153 nihil
525 1092 606 1173 apud
629 1112 712 1153 aures
729 1112 839 1152 vacuas
857 1103 947 1170 atque
969 1091 1095 1151 eruditas
1117 1091 1210 1169 possit
1229 1110 1296 1150 esse

194 1189 373 1268 perlectius:
395 1201 425 1248 et
443 1210 509 1265 pag.
522 1198 593 1257 9¹4·
610 1189 824 1247 ‘immortalem
839 1189 971 1246 Sallustii
985 1190 1189 1256 velocitatem,'
1203 1204 1293 1263 quatu

196 1284 318 1343 dirersis
333 1282 486 1340 virtutibus
504 1281 599 1339 Livius
619 1281 657 1338 sit
674 1290 842 1339 assecutus:
865 1292 964 1339 tamen
978 1282 1141 1339 Concioues
1154 1301 1172 1339 a
1187 1282 1296 1357 Crispo

196 1376 408 1453 frequentiores
423 1374 636 1452 longioresque,
652 1384 751 1452 atque,
766 1385 798 1434 ut
818 1376 871 1452 ipsi
885 1376 1005 1453 quidem
1021 1376 1146 1444 videtur,
1162 1375 1297 1451 insipidi-

194 1490 260 1531 ores
275 1469 403 1529 historiar
419 1470 560 1547 inspersas
576 1471 696 1530 moleste
710 1470 766 1530 sert
780 1472 816 1528 V.
830 1473 865 1530 C.
877 1473 947 1531 Nic.
957 1473 1078 1530 Hieron.
1094 1471 1295 1549 Gundlingius

195 1565 310 1644 prtesat.
325 1565 363 1623 ad
379 1565 445 1624 Nic.
462 1565 612 1641 Burguudi
627 1566 704 1626 Hist.
719 1566 877 1644 Belgicam.
920 1567 987 1626 Fuit
1001 1567 1058 1625 hoc
1074 1569 1112 1625 ub
1127 1567 1189 1624 aliis
1207 1567 1295 1626 etiam

196 1663 414 1740 reprehensum,
430 1661 506 1719 sicut
525 1671 628 1720 notum
649 1660 720 1724 illud
739 1662 862 1734 'Seneca
876 1662 969 1721 Patris
989 1662 1069 1738 praei.
1086 1663 1139 1720 lib.
1157 1680 1211 1721 111.
1227 1682 1296 1720 con-

195 1768 320 1817 trovers.
343 1757 536 1815 ‘Ciceronem
557 1756 727 1832 eloquentia
748 1776 802 1816 sua
819 1757 847 1815 in
869 1757 1046 1816 carminibus
1068 1759 1127 1816 siris
1140 1757 1294 1815 destituit:

197 1851 355 1912 Orationes
370 1851 498 1910 Sallustii
520 1852 548 1909 iu
570 1851 710 1910 honorem
726 1851 911 1911 historiarum
925 1853 1079 1929 leguntur!
1120 1851 1179 1911 Sed
1194 1862 1294 1910 notum

197 1947 296 2008 itidem
310 1957 363 2016 est,
380 1947 451 2024 quid
467 1948 638 2007 excusando
658 1948 699 2007 illi
719 1949 793 2008 mori
813 1949 1010 2026 eloquentiam
1025 1948 1054 2007 in
1071 1949 1188 2006 historia
1202 1958 1298 2006 osten·

199 2042 291 2113 laudi,
298 2043 497 2119 lectoremque
506 2042 672 2102 delectandi
681 2043 726 2102 rel
735 2043 877 2113 morundi,
889 2045 928 2102 ab
938 2044 1000 2102 aliis
1014 2062 1184 2119 responsum
1197 2043 1296 2102 fuerit.

200 2140 276 2200 Sane
294 2140 395 2200 licebit
414 2140 579 2218 properanti
599 2141 702 2200 tetrico
721 2151 751 2199 et
771 2139 921 2200 fastidioso
942 2139 1043 2199 lectori
1067 2139 1128 2197 illas
1150 2140 1297 2198 orationes

201 2237 291 2296 veluti
323 2236 462 2313 scopulos
493 2236 745 2312 praeternavigare,
773 2237 841 2293 dum
867 2235 979 2294 interim
1003 2234 1063 2303 alii,
1087 2234 1194 2310 quibus
1218 2235 1298 2293 lectu

200 2330 298 2407 dignm
326 2341 355 2388 et
387 2330 537 2405 insignium
566 2330 808 2390 documentorum
840 2331 934 2407 plenis
961 2328 1104 2399 videntur,
1130 2349 1167 2387 ex
1193 2328 1298 2390 iisdem

201 2425 382 2501 voluptatem
396 2442 501 2498 capere
514 2433 544 2481 et
558 2424 687 2483 fructum
702 2426 894 2501 permiserint.

241 2520 352 2577 Extant
369 2518 564 2596 Thucydiden
579 2521 719 2597 grauitate
732 2531 763 2580 et
776 2532 863 2581 acuta
873 2522 1014 2582 brevitate
1027 2523 1104 2601 styli,
1115 2522 1300 2581 Catonianae·

201 2617 277 2692 que¹
294 2615 394 2673 colore
407 2614 544 2672 orationis
565 2616 603 2672 ab
617 2614 795 2675 nobilissimo
810 2617 865 2675 hoc
878 2617 1039 2676 lu'storico²
1053 2617 1215 2694 descripta:

246 2723 272 2770 ι.
294 2711 406 2768 Bellum
417 2712 432 2769 J
438 2711 631 2786 ugurthinnm,
646 2720 747 2769 contra
760 2713 934 2789 Jugurtham
948 2713 1100 2772 Numidiae
1114 2734 1206 2789 regem
1221 2732 1300 2771 anno

202 2807 282 2865 urbis
297 2807 366 2867 643.
381 2826 424 2883 sq.
439 2816 562 2883 gestum,
577 2806 615 2864 de
630 2826 691 2882 quo
704 2808 877 2866 consulendi
900 2819 968 2868 sunt
990 2809 1043 2867 viri
1066 2809 1146 2867 docti
1167 2807 1203 2866 ad
1219 2809 1298 2868 Flor.
1341 2848 1344 2852 ι

202 2919 258 2962 ιιι.
278 2913 304 2961 1.
320 2903 369 2960 ubi
389 2903 417 2959 iu
439 2902 566 2961 editione
581 2902 739 2962 Graeviana
759 2905 827 2980 Jug.
844 2925 961 2982 quoque
983 2906 1135 2983 imaginem
1158 2906 1187 2963 iu
1208 2924 1299 2964 numo

202 2998 291 3076 Syllae
306 2998 494 3074 contemplari
517 3001 636 3076 poteris.
679 3002 723 3059 Ex
745 2999 826 3059 libris
840 3002 956 3061 Punicis
971 3004 1146 3080 Hiempsalis
1160 3001 1301 3060 nonnulis

137 3142 141 3149 .
204 3093 240 3151 de
263 3094 320 3152 situ
337 3094 446 3153 rifneae
468 3096 557 3154 tradit
578 3097 732 3156 Sallustius
752 3098 821 3156 belli
836 3101 903 3176 Jug.
919 3118 983 3176 cap.
998 3109 1044 3165 17.
1060 3121 1105 3176 sq.
1120 3099 1299 3157 Orationem

202 3208 238 3248 et
252 3209 316 3265 cap.
338 3198 380 3247 10.
398 3210 456 3266 qua
473 3192 599 3270 Micipsa
621 3191 695 3251 lilios
716 3194 753 3252 ad
776 3214 880 3271 pacem
902 3205 932 3253 et
952 3196 1141 3254 concordiam
1156 3197 1299 3261 hortatur,

202 3284 323 3343 Severus
344 3285 419 3361 lurp.
441 3287 529 3344 morti
551 3288 900 3348 vicinus'commendavit
918 3289 1053 3348 Bassiano
1075 3290 1134 3347 lilio
1155 3310 1208 3348 suo
1229 3298 1301 3348 natu

203 3379 314 3457 majori,
329 3400 377 3457 ap.
393 3382 578 3457 spartianum
593 3403 620 3441 c.
636 3400 713 3444 xxt.

244 3485 272 3536 2.
295 3478 409 3535 Bellum
424 3478 633 3550 Catilinarum,
651 3481 709 3540 sive
722 3482 760 3541 de
770 3481 977 3558 conjuratione
990 3479 1123 3538 Catilinae
1138 3479 1219 3548 liber,
1232 3500 1301 3556 qure

202 3569 303 3627 incidit
319 3573 345 3628 in
361 3593 408 3633 ari.
421 3576 458 3633 U.
473 3573 543 3644 691.
559 3597 619 3653 quo
634 3579 736 3637 Cicero
751 3579 855 3636 consul
871 3577 935 3636 suit.
976 3579 1063 3636 Hunc
1077 3577 1194 3645 librum,
1210 3595 1299 3652 quern

202 3665 356 3738 separatim
371 3687 439 3723 curn
455 3672 621 3732 Commeat.
635 3694 689 3733 suo
703 3674 794 3733 edidit
807 3673 982 3734 Theodorus
994 3676 1017 3733 l.
1030 3675 1061 3733 F.
1071 3671 1300 3733 Graswinlrelius

696 3853 720 3899 N
725 3852 801 3901 OTAE

236 3959 244 3986 ¹
258 3960 318 4007 Vet.
330 3958 489 4020 epigramma
499 3975 540 4023 ap.
550 3960 660 4011 Quintil.
671 3978 731 4014 vrrr.
770 3965 901 4016 historin)

203 4040 228 4082 8.
244 4035 296 4084 ‘Et
314 4034 393 4084 verba
410 4034 506 4096 antiqui
526 4037 632 4084 multum
646 4037 730 4091 furate
803 4042 817 4069 ²
828 4042 966 4108 Augustln.
983 4045 1032 4108 Ep.
1046 4062 1070 4095 v.
1089 4046 1121 4095 nd
1136 4045 1255 4095 Marcell.
1275 4061 1300 4097 c.

204 4110 310 4161 Catonis
325 4112 416 4176 Crispe
432 4112 595 4175 Jugurtliinea
612 4116 731 4175 conditor
772 4124 812 4172 lo.
824 4120 888 4172 edit.
900 4137 982 4172 novae.
993 4123 1022 4171 T.
1034 4136 1065 4173 ιι.
1076 4124 1125 4186 Ep.
1139 4128 1193 4175 1³8.
