3000 5040
272 352 340 433 916
648 366 843 427 ndcnnsus
864 372 1032 424 conicum

273 511 382 581 risum
396 517 460 592 est,
479 512 509 577 si
526 511 627 577 modo
639 510 756 575 erroris
778 508 963 592 corrigendi
983 507 1089 572 causa
1101 505 1160 590 qui
1180 507 1216 571 in
1235 508 1315 572 nota
1333 507 1369 574 2.

272 621 423 698 apparet,
440 614 497 680 nbi
516 614 636 695 legitur
654 612 832 674 editionem
847 608 1083 673 Sallustianam
1096 604 1253 671 Asccnsii
1270 624 1369 690 repe·

271 714 377 791 litam,
397 714 562 791 Fabricio,
575 712 735 788 Ernestio,
749 710 917 788 Harlesic,
932 716 966 772 et
980 708 1171 792 Bipontinis
1185 707 1370 773 editoribus

271 814 472 897 incognitam
487 833 576 878 esse.
612 812 714 892 Quod
730 812 774 877 ad
788 819 856 876 tres
868 812 996 895 priores
1004 810 1089 874 nihil
1102 828 1286 874 moramur:
1307 808 1370 874 scd

272 917 496 1000 sBipontinis
510 912 614 980 sociis
627 921 775 980 notatam
792 913 896 978 luisse
916 913 1095 996 appmubit
1113 929 1173 975 cos
1187 911 1370 975 consulenti

271 1017 309 1083 iu
323 1018 411 1083 loco.

315 1116 541 1185 Collectioncs
557 1112 676 1202 Regia,
696 1112 898 1191 Canonium,
915 1112 1102 1192 Slocnicnc,
1123 1117 1158 1177 et
1175 1107 1372 1174 Mamuci-

272 1234 341 1283 ιη
359 1218 441 1283 nibil
456 1219 602 1282 Sallustii
625 1221 756 1280 tenent:
777 1215 857 1278 nihil
878 1214 997 1279 saltem
1012 1213 1101 1295 quod
1115 1219 1262 1307 nostram
1281 1208 1371 1279 noti-

271 1321 352 1384 tiam
366 1319 522 1400 requirat.

277 1436 282 1443 ·
314 1412 474 1480 Bibliotlt.
486 1411 583 1478 Harl.
595 1413 694 1482 2469.
723 1414 798 1478 Caii
813 1414 924 1498 Crispi
939 1414 1089 1478 Sallustii
1101 1411 1372 1496 conspirationis

270 1515 472 1585 Catilinariae
483 1517 648 1593 Historia,
659 1523 696 1579 et
706 1515 837 1579 Rullum
851 1513 1098 1595 iugurthinum,
1111 1533 1186 1577 cum
1201 1514 1287 1577 aliis.
1311 1511 1371 1577 Ad

269 1617 371 1684 finam
392 1619 466 1683 cod.
488 1619 562 1682 haec
584 1618 700 1694 verba,
725 1616 790 1680 nisi
811 1615 963 1681 calamus
988 1615 1105 1679 eadem
1130 1614 1367 1681 transfoderit:

271 1722 369 1782 ‘cum
383 1719 417 1782 in
431 1718 589 1783 Sallustio
601 1717 805 1783 restituendo
818 1736 899 1782 usus
912 1737 986 1781 sum
999 1718 1063 1781 boc
1079 1716 1145 1780 Ms.
1157 1718 1253 1794 libro,
1266 1736 1368 1801 quem

268 1817 350 1884 nini
378 1819 599 1884 commodavit
622 1861 794 1882 ......
815 1817 926 1896 (deust
948 1822 1081 1898 nomen)
1107 1823 1176 1882 tum
1189 1819 1368 1886 'humanus

268 1923 340 1985 tum
352 1918 550 2012 religiosus?

312 2022 526 2108 ‘ciprianus
550 2041 572 2087 a
594 2040 721 2105 popina
746 2018 922 2105 phry'siiis.'
965 2020 1120 2084 Chartae.
1144 2026 1230 2086 cent.
1256 2037 1367 2088 xv.-

268 2122 391 2189 Iaafina
416 2123 538 2188 Versio
565 2126 615 2196 τῆς
645 2120 734 2207 Κόρου
756 2118 887 2195 nablas
916 2119 1151 2204 Xenophontis
1178 2121 1319 2204 praefixa
1343 2143 1366 2187 a

269 2224 469 2309 quibusdam
483 2224 658 2288 ascribitur
672 2225 794 2288 celebri
808 2222 915 2307 Pugio
930 2221 1127 2286 Florentino.

311 2325 408 2390 2475.
432 2323 517 2386 Cod.
528 2325 585 2406 qui
601 2342 675 2387 cum
690 2325 764 2388 aliis
776 2323 930 2388 Sallustii
945 2324 1076 2387 Bellum
1091 2321 1317 2389 catilinarium
1332 2332 1366 2389 et

171 2482 181 2497 ,
268 2423 401 2488 Bellum
415 2423 644 2504 iugurthinum
659 2424 925 2490 continet—Sub
948 2424 1046 2490 finem
1070 2443 1173 2493 annus
1187 2424 1283 2489 datur
1296 2443 1365 2512 qun

268 2522 378 2589 codex
393 2524 585 2624 exscriptus
600 2523 671 2602 suit,
685 2543 807 2608 nempe
822 2524 920 2590 1291.

310 2624 407 2689 2499.
429 2624 594 2701 Continet,
631 2645 705 2688 cum
741 2625 828 2703 aliis,
865 2623 1130 2708 conspirationis
1163 2626 1362 2693 Catilinariae

266 2723 462 2791 Historiam.
478 2723 693 2803 ChartacenS,
708 2730 794 2791 cent.
811 2726 962 2790 xv.-In
976 2727 1168 2792 Sallustium
1183 2733 1259 2792 sunt
1271 2734 1360 2793 notae

268 2824 442 2908 quaedam:
465 2825 527 2889 sub
541 2825 636 2888 initio
649 2845 749 2908 quam
764 2827 925 2908 plurimae.

308 2926 406 2990 2520.
429 2925 491 2990 Est
512 2926 666 2992 Historia
691 2927 893 2994 Catilinariss
924 2929 1185 3013 Conspirationis
1212 2938 1244 2995 et
1273 2931 1362 2997 Belli

264 3025 289 3092 J
291 3027 472 3110 ugurthini3
494 3030 614 3111 partim
628 3030 808 3094 membran.
822 3030 945 3114 partim
959 3031 1164 3110 chartaceus,
1180 3036 1262 3095 cent.
1279 3048 1361 3096 xlv.

265 3127 307 3193 ln
335 3127 398 3192 fine
426 3129 493 3193 duo
519 3130 600 3197 solia
629 3133 756 3210 absunt,
781 3137 817 3197 et
843 3135 906 3198 sub
933 3131 1031 3197 finem
1060 3132 1147 3201 Belli
1173 3131 1361 3214 iugurthini

311 3248 377 3292 nm.

265 3247 404 3398 πῃ2922.
426 3296 530 3401 Aliud
556 3335 736 3415 exemplar,
762 3352 837 3399 cnm
859 3335 977 3417 paucis
1005 3332 1153 3408 scholiis,
1176 3335 1359 3398 membran.

368 3449 393 3495 x
415 3450 448 3496 ν.

265 3438 410 3597 οοιὶ29999Ι
427 3533 545 3599 Codex
560 3535 803 3620 Conjurationis
819 3533 1018 3602 Catilinarioe
1042 3555 1117 3599 cum
1133 3531 1293 3601 Cicerone
1316 3538 1359 3601 de

263 3622 394 3694 Officiis
411 3635 616 3714 conjunctus.
640 3637 719 3702 Sine
735 3639 832 3717 notis,
847 3638 991 3703 chartac.
1007 3643 1094 3702 cent.
1112 3654 1178 3700 xv.

301 3728 398 3794 2540.
414 3731 510 3796 2542.
533 3733 710 3803 Continent
721 3738 823 3804 etiam
836 3738 870 3802 in
885 3738 1046 3802 distinctis
1063 3737 1161 3802 codd.
1177 3739 1355 3822 Conspira·

260 3832 362 3898 tionis
376 3831 576 3897 Catilinariae
600 3837 789 3902 Historiam
810 3848 843 3903 et
863 3839 950 3903 Belli
971 3839 1169 3922 Jugmthini.
1214 3839 1358 3904 Codices

260 3947 344 4001 xlv.
360 3936 413 4000 vel
430 3951 493 3998 xv.
508 3941 594 3999 cent.
1002 3994 1010 4009 ,

267 4094 272 4109 ,
302 4033 400 4100 Harl.
423 4035 583 4100 Collectio
612 4036 697 4100 alios
727 4058 827 4122 quam
856 4039 1017 4124 plurimos
1046 4040 1195 4105 Sallustii
1220 4040 1356 4107 codices

259 4134 406 4217 exbibet,
431 4143 618 4203 numeratos
640 4157 744 4223 usque
772 4140 815 4205 ad
843 4141 1044 4226 quindecim,
1070 4162 1103 4207 n.
1129 4143 1226 4208 2597.
1254 4141 1354 4210 2598.
