3000 5040
194 375 259 440 Μ)
545 380 653 428 NOTAE
677 380 879 428 VARIORUM
905 381 943 428 ΙΝ

195 530 286 596 glona,
298 528 342 577 sed
354 528 388 576 de
398 528 501 587 saluts;
519 531 556 587 et,
567 524 635 590 qnod
647 524 724 573 saluti
760 525 837 585 nqis
858 524 923 573 illam
941 523 1119 587 assequebatur]
1145 524 1224 582 lusu,
1240 535 1288 570 non

195 605 353 670 prepositis,
372 604 405 652 de
416 602 539 651 libertale
559 601 724 664 pugnandum
762 601 844 663 reperi
866 603 891 648 in
910 601 1070 664 quibusdam,
1086 615 1134 649 nec
1151 600 1179 649 in
1194 600 1291 647 Mersa·

195 682 251 732 est!
261 683 352 731 Cicero
360 682 385 728 in
393 681 559 729 Divinatione
567 681 592 727 in
603 681 723 727 Verrem:
763 674 891 734 buriensi,
903 682 930 723 et
938 677 1022 725 omitti
1035 683 1130 738 potest,
1139 677 1206 723 citra
1214 674 1294 722 detri-

194 757 310 821 ‘Ecquis
332 771 440 820 unquam
460 764 512 805 tam
528 757 612 818 palam
632 756 665 803 de
682 755 725 802 iro·
762 759 875 799 mentum
895 766 993 800 sensus.
1037 753 1196 815 Augustinus
1224 749 1293 799 hand

194 844 265 890 nore,
278 840 330 879 tam
345 833 512 880 uehementer
530 832 563 879 de
580 832 663 878 sulute
679 843 725 877 sua
761 826 814 874 scio
834 841 865 874 sn
886 828 1006 875 memoria
1029 829 1113 890 lapsus
1134 829 1170 876 its
1182 829 1257 887 citat,
1267 842 1294 875 er

196 906 354 955 contenditl'
374 908 469 969 Pspsna.
761 903 838 963 nugis
848 903 913 951 idum
929 903 1083 966 sequebatur,⁴
1103 918 1195 965 nempe
1216 903 1294 964 glorio

228 981 392 1044 Aluiurstio]
408 984 490 1032 Quam
504 987 589 1030 autem
601 980 666 1029 Ceto
683 978 725 1026 ab·
763 979 884 1026 timonem.
919 980 997 1028 Forte
1014 994 1065 1027 non
1085 978 1177 1026 irritari
1190 992 1293 1025 monum

108 1118 115 1130 .
196 1057 295 1107 stinens
328 1057 408 1107 fuerit
442 1059 515 1107 testis
547 1056 597 1106 fuit
622 1055 724 1117 Epirus,
761 1052 837 1112 liber,
859 1054 946 1118 itaque
965 1056 1094 1104 memoriae
1116 1055 1185 1116 tinus,
1206 1061 1235 1102 nt
1253 1053 1294 1112 fit,

198 1133 305 1192 Achaia,
334 1134 459 1197 Cyclades
489 1133 588 1192 insule,
609 1142 725 1178 msxrrma
763 1141 898 1190 perperam
918 1130 1164 1180 hocmodocitauit.
1199 1129 1228 1176 ln
1242 1143 1296 1176 nra-

198 1226 259 1274 pars
277 1211 347 1259 Asiae
361 1208 508 1272 provinciis,
523 1210 638 1272 Cyprus:
657 1206 725 1254 unde
762 1207 901 1267 suscriptis
923 1215 1052 1269 praterea
1067 1222 1117 1255 non
1138 1207 1228 1268 Itaque,
1249 1206 1294 1253 sed

198 1301 256 1334 cnm
284 1290 400 1350 pecuniae
423 1284 589 1348 deportandae
612 1283 726 1331 ministe·
743 1273 748 1285 '
765 1281 805 1328 Ita
817 1281 921 1344 legitur,
931 1283 1152 1332 consentientibus
1167 1283 1298 1345 excmpls-

198 1363 265 1411 rium
273 1362 422 1420 sustineret,
431 1369 482 1408 tam
490 1373 605 1407 aversum
615 1358 726 1406 animum
764 1355 835 1405 ribus
855 1356 971 1408 Badianu
991 1367 1019 1407 et
1038 1359 1210 1407 Beroaldino:
1229 1359 1296 1407 acsi

198 1438 231 1487 ab
244 1439 309 1486 omni
320 1439 430 1495 Venere,
439 1450 513 1499 quam
521 1450 537 1483 a
546 1435 617 1483 lucro
626 1434 727 1495 hebuit,
766 1432 828 1495 quid
838 1434 912 1482 estin
924 1435 1074 1498 mejudicii,
1084 1435 1177 1483 rectius
1185 1434 1232 1482 hoc
1243 1448 1296 1483 mo-

197 1513 224 1560 in
243 1513 349 1560 maxims
370 1512 501 1575 utriusque
520 1512 726 1574 intemperantias
765 1508 913 1571 delegitur.
932 1510 1025 1559 Rioias.

198 1587 444 1635 materiarersatus.
480 1589 547 1636 Nom
558 1596 586 1636 et
601 1588 679 1651 regiae
690 1589 728 1637 di·
799 1588 836 1636 Eo
851 1591 928 1650 uirgis
943 1589 1008 1637 illan
1019 1588 1196 1651 adsequebatur]
1212 1587 1255 1636 Sic
1269 1593 1297 1636 et

198 1662 267 1711 vtttoe
279 1669 410 1724 potestste
422 1663 500 1724 ipsius
520 1664 730 1723 continebantur,
766 1665 887 1727 antiquus
898 1664 982 1713 Fulvii
993 1664 1065 1712 liber.
1091 1665 1127 1712 D.
1142 1663 1297 1726 Augustinus

198 1736 395 1786 etsertilissimie
413 1738 561 1787 deliciarum
570 1741 649 1789 totius
658 1740 730 1789 Gra·
766 1740 839 1803 legit,
851 1742 886 1788 Eo
896 1740 965 1789 illam
974 1741 1120 1804 inurimur.
1143 1739 1203 1800 lilii,
1213 1750 1298 1787 eontu-

197 1813 500 1874 cioeurlres‚necessaria
516 1815 729 1877 totinsnauiguti·
765 1816 806 1878 gis
821 1816 977 1879 sequebatur:
998 1817 1083 1865 onmia
1106 1823 1187 1864 recte.
1213 1815 1299 1862 Mous-

196 1891 253 1938 euis
265 1891 417 1940 diverticula
428 1900 519 1942 eraut:
544 1900 622 1957 atque
636 1895 729 1942 Mune·
768 1895 824 1943 tius.

198 1968 250 2016 tius
280 1967 367 2015 Rufius
392 1969 527 2031 Cypriacae
554 1970 729 2031 expeditionis
765 1973 768 1978 '
801 1972 908 2019 Cumis
929 1969 1056 2031 Discessit]
1074 1970 1298 2018 Discedereinseu·

198 2041 265 2092 fidus
275 2057 372 2099 comes,
382 2043 486 2105 scriptis
497 2044 548 2091 suis
560 2045 656 2106 signat,
673 2045 729 2108 (cu·
768 2045 875 2103 testium,
883 2051 922 2093 est
930 2044 1035 2092 alterius
1044 2044 1296 2105 sententismappro·

196 2118 240 2183 Jus
252 2119 426 2168 testimouium
440 2133 488 2166 non
509 2119 660 2182 amplector,
674 2134 731 2181 pro·
768 2119 837 2167 bure.
849 2118 1017 2180 Antiquarum
1028 2118 1095 2165 enim
1105 2132 1158 2165 mor
1171 2117 1231 2174 fuir,
1240 2131 1299 2165 cunr

201 2194 257 2259 prio
266 2195 333 2243 enim
342 2201 491 2257 argumento
504 2194 558 2243 ltus
566 2195 616 2242 ista
626 2193 730 2258 nititur)
767 2194 794 2241 in
815 2201 889 2242 tanto
906 2200 1052 2241 renatorum
1072 2207 1185 2251 numero,
1197 2194 1299 2255 longum

202 2271 271 2336 quod
288 2285 321 2318 ex
332 2270 421 2319 eodem
439 2278 536 2318 naturae
550 2277 623 2319 utero
635 2277 730 2319 etcon·
768 2270 844 2329 foret,
852 2270 1008 2333 singulorum
1016 2269 1157 2316 sententias
1164 2268 1262 2328 andire,
1272 2277 1302 2316 ut

201 2347 313 2396 tinentia
331 2355 391 2395 natu
410 2354 450 2396 est
469 2354 496 2395 et
514 2348 587 2396 Cato.
621 2347 687 2397 liae
698 2362 730 2396 ex
769 2346 1301 2410 illitantnm,quiceterosdignitsteante·

202 2423 261 2471 Vsl.
272 2423 344 2470 Max.
359 2423 430 2472 Plut.
446 2425 511 2472 etin
526 2423 605 2486 ipsius
615 2423 729 2472 vitasit:
770 2423 909 2483 cedebant,
921 2423 1072 2471 sententiam
1084 2422 1210 2471 dicerent.
1247 2423 1301 2470 De·

202 2497 245 2546 Ab
257 2512 318 2560 rege
329 2497 465 2561 Deiotaro,
487 2506 516 2547 ut
533 2497 600 2547 filios
611 2508 637 2546 et
653 2498 732 2546 liliam
771 2499 830 2548 inde
854 2499 953 2548 duabus
975 2499 1088 2548 tribusve
1105 2499 1187 2547 dictis
1201 2504 1301 2547 senten·

202 2587 273 2621 susm
293 2573 377 2621 eidem
400 2574 601 2632 commendaret,
619 2580 732 2632 vecutus,
772 2575 824 2635 tiis,
845 2576 936 2639 reliqui
957 2575 989 2623 ad
1011 2590 1064 2633 eos,
1082 2589 1188 2639 quorum
1201 2573 1303 2636 judicio

202 2662 260 2695 cum
281 2649 336 2709 ipse
350 2651 406 2696 Rex
419 2649 733 2711 donacgregiaprotulis·
770 2652 911 2699 sententiis
939 2651 1128 2713 approbabant,
1150 2651 1302 2699 transibant.

203 2729 252 2782 set,
263 2725 417 2783 usqueadeo
429 2738 580 2784 superesse
592 2732 733 2771 commotus
770 2725 837 2772 Vide
847 2725 915 2773 Gell.
926 2726 942 2774 l.
954 2739 997 2773 ιιι.
1007 2726 1085 2774 Noct.
1097 2726 1152 2774 Art.
1164 2741 1186 2775 c.
1199 2731 1238 2774 18.

202 2804 251 2857 est,
261 2804 290 2844 ut
305 2812 363 2845 cum
377 2812 483 2857 vespere
496 2798 529 2845 ad
541 2812 598 2845 eum
612 2798 733 2856 venisset,
805 2799 1011 2861 Triumvirosqaoe
1022 2802 1195 2863 odsupplicium
1204 2804 1304 2863 postula·

203 2873 327 2936 postridie
346 2874 451 2922 circiter
463 2875 548 2922 homin
565 2873 668 2921 tertium
680 2874 733 2921 sbi·
771 2873 821 2930 but,
842 2888 927 2935 porore
942 2874 1024 2936 jebet]
1054 2875 1159 2937 Oppido
1181 2876 1304 2925 obscurus

205 2949 332 2998 ret2etin
344 2950 512 3010 itinere,cum
525 2949 734 3012 eimajoradons
772 2956 813 2998 est
834 2947 875 2995 hic
895 2963 988 3011 sermo,
1007 2963 1064 2997 cum
1083 2964 1171 2998 sensus
1189 2953 1224 2999 sit
1241 2953 1304 3000 satis

205 3028 327 3087 misisset,
349 3029 458 3091 epistole
475 3029 560 3090 ipsum
577 3026 735 3089 rogavit,uti
773 3022 929 3073 manifestus.
972 3024 1084 3074 Quidam
1107 3032 1232 3088 putsnrnt
1248 3028 1305 3090 plu·

207 3106 227 3152 sl
239 3106 455 3168 eadonscapere
475 3105 564 3163 nollet,
582 3104 671 3151 amicis
690 3103 737 3150 srl-
774 3103 822 3150 rsli
850 3116 956 3151 numero
980 3102 1126 3165 legendum,
1148 3104 1306 3167 postulabunt,

207 3188 260 3229 tem
271 3183 366 3230 hebere
376 3181 482 3229 sineret.
506 3179 737 3240 sednecipseac·
775 3178 933 3242 quodetiam
956 3185 1030 3229 vetus
1050 3181 1132 3228 codex
1146 3181 1238 3229 habet:
1260 3178 1305 3228 sed

206 3257 294 3319 cipere
307 3259 395 3314 vnlrrir,
407 3273 455 3305 nec
468 3259 563 3306 amicos
575 3260 668 3321 cupere
681 3273 737 3321 per·
775 3270 848 3319 reque
860 3254 886 3303 in
895 3256 1003 3305 obscuro
1014 3263 1133 3304 manente
1145 3272 1229 3304 sensu.
1250 3256 1305 3317 Ego

206 3331 288 3388 misit,
300 3331 437 3390 affirmans,
455 3347 556 3379 omnem
577 3334 737 3392 largitionem
776 3331 836 3392 quid
854 3339 927 3380 certo
937 3331 1020 3379 dicam
1039 3346 1090 3380 non
1103 3332 1192 3391 liabeo,
1205 3330 1306 3392 conjec-

207 3404 322 3453 relamcu
345 3406 487 3453 honestatis
516 3405 594 3455 facile
622 3413 736 3471 reperire
776 3404 1091 3454 turasillibenterarlfero.
1110 3407 1248 3453 Glareanus.

207 3493 298 3542 posse:
311 3481 405 3528 amicos
418 3495 478 3528 vero
489 3481 544 3542 ejus
561 3481 693 3529 lrslriturns
705 3499 737 3532 ex
810 3481 963 3539 duumuiros,
982 3481 1071 3541 quood
1081 3480 1218 3542 supplicium
1228 3484 1306 3541 postu·

207 3553 247 3615 iis,
266 3569 321 3617 qua·
338 3555 391 3615 ipse
405 3555 476 3616 juste
486 3555 623 3616 possideat.
647 3557 736 3605 ΖιιιιιΙι.
776 3557 1029 3619 ὶιὺιι,ραιιιι]ιώιι]
1057 3556 1175 3604 Proclive
1196 3563 1223 3604 et
1245 3557 1306 3606 milri

242 3629 301 3675 Esse
328 3645 398 3691 quum
427 3629 501 3677 rideri
529 3629 600 3694 bouus
625 3633 738 3695 mulctrat]
776 3631 876 3692 fuisset,
888 3646 1035 3694 expungere
1049 3631 1255 3693 praepositionem
1267 3636 1308 3693 ad,

209 3701 344 3765 AEschylus
358 3706 404 3764 sic,
423 3704 483 3752 iuri
494 3704 531 3751 lei
539 3704 636 3761 θήβαις·
648 3708 682 3755 oi
693 3709 739 3771 γὰρ
777 3706 909 3754 attactum
919 3706 1048 3765 Carrioni3
1062 3720 1144 3769 neque
1154 3723 1228 3758 sccus
1240 3712 1308 3758 acci·

210 3780 285 3827 δοκεῖν
294 3777 458 3840 ἅριστοι,ὰλλ’
477 3778 533 3827 εἶναι
545 3778 617 3828 θέλει.
635 3783 738 3844 AEaclsy-
777 3782 816 3830 dit
826 3797 841 3829 a
851 3796 927 3829 manu
939 3782 1114 3829 emendatrire
1127 3783 1182 3831 Pal.
1200 3801 1252 3836 sec.
1262 3785 1307 3833 sed

210 3855 228 3902 li
249 3854 346 3902 dictum
366 3863 458 3902 recitat
473 3856 515 3904 do.
526 3856 631 3903 lustru
644 3857 658 3903 l.
671 3871 696 3904 v.
707 3858 738 3904 de
777 3871 834 3905 cum
848 3863 921 3904 extet
933 3855 959 3903 iu
970 3856 1036 3904 Mss.
1048 3858 1142 3905 ceteris
1153 3874 1217 3919 pene
1230 3859 1308 3907 omni·

112 3954 116 3959 ¹
210 3931 281 3979 varia
297 3930 401 3978 historin
420 3935 458 3977 lli.
485 3931 577 3978 Cicero
592 3946 694 3994 quoque
714 3932 739 3979 in
779 3933 1008 3993 hasproeterqusm
1030 3931 1055 3978 in
1077 3932 1133 3980 Pul.
1156 3934 1264 3989 decimo,
1282 3932 1308 3979 in

212 4008 307 4056 Laelio:
324 4011 331 4035 ⁴
345 4005 464 4065 Virtute‚'
483 4006 575 4069 inquit,
591 4009 599 4033 ‘
614 4006 678 4068 ipsa,
689 4022 739 4055 non
778 4021 837 4069 quo,
858 4008 918 4067 quod
934 4009 1082 4069 supplicium,
1093 4011 1133 4068 ic.
1152 4009 1217 4054 nurui
1230 4008 1308 4055 etiam

212 4089 264 4130 tam
278 4082 351 4130 multi
363 4082 465 4145 praediti
483 4095 548 4138 esse,
565 4096 641 4145 quarn
659 4082 741 4130 villeri
779 4086 879 4130 ausim:
901 4085 1044 4145 presertim
1058 4087 1175 4146 quioniam
1193 4085 1309 4131 Comme·

214 4156 321 4206 uolunt!
340 4158 471 4206 Munatius.
778 4158 867 4208 liniaci
891 4174 981 4209 censor
1003 4175 1055 4208 non
1077 4162 1158 4221 ipsum
1184 4158 1310 4207 deleverit

244 4232 573 4297 ltaqueqaoruiruupetebsl
590 4233 699 4298 gloriam,
716 4249 743 4284 ss
778 4236 820 4298 ud,
839 4236 884 4285 sed
911 4251 975 4299 qsoe:
991 4234 1060 4285 ande
1083 4242 1152 4285 esset
1176 4235 1313 4301 suspicari,
