3000 5040
258 343 325 415 508
602 356 709 405 norst
732 353 933 404 rrsuroruss
957 354 998 402 rrr

260 500 305 566 qni
316 514 349 550 ex
359 498 458 549 meliori
475 507 575 560 neuim,
592 512 625 547 ex
637 497 788 561 perentibus
828 495 950 546 sdversrrs
961 496 1090 546 irominem
1099 498 1126 546 in
1138 495 1238 547 fucinus
1249 496 1351 560 oo'c'giti

259 577 347 629 liberis
358 581 488 625 natusest.
826 573 894 623 Nem
906 587 990 637 neque
1001 572 1063 622 ieris
1082 574 1150 623 inter
1161 590 1188 624 se
1200 575 1267 624 belle
1277 581 1352 634 sunu

293 653 358 702 Nuus
374 650 547 701 *minim
555 650 651 714 quisquc
667 654 709 697 urst
728 648 788 697 orri-
826 663 873 697 uec
895 648 917 696 si
931 647 1025 709 forent,
1046 649 1137 699 eudem
1160 650 1287 700 hominem
1308 650 1353 699 de-

258 728 363 786 mes
380 727 522 790 prolique}
537 726 789 788 mrdmosimutsr
826 731 910 773 cesnt.
944 723 1088 784 Placidum,
1107 726 1300 790 proximumque
1315 725 1354 774 di·

257 802 405 864 mmmm]
439 803 561 855 Quemvis
574 804 698 851 inurent.
715 802 790 850 Veiis
826 798 985 863 rinogenrrs,
1005 815 1061 863 qrrae
1082 808 1154 848 tenta
1173 816 1217 849 ros
1235 798 1287 850 fert
1307 802 1356 860 irs,

259 876 287 927 in
297 878 450 943 quibusdem
462 879 718 943 rependerimus
727 879 788 941 quis·
825 891 883 925 cum
896 892 946 926 uus
963 877 1056 939 stirpe,
1070 877 1234 940 ejusdemque
1251 878 1354 940 sangui·

258 968 312 1017 με,
330 964 415 1004 tumen
435 956 568 1018 exemplar
585 955 787 1018 meunscriptom
825 954 946 1015 cissitis;
962 955 1003 1002 vei
1023 970 1080 1019 qum
1097 953 1170 1003 forise
1192 955 1218 1002 in
1236 963 1353 1003 mutuum

259 1030 328 1096 quod
338 1047 417 1094 penes
427 1046 473 1081 nos
483 1040 590 1081 estcum
600 1030 788 1095 vuigstsisodie
825 1032 974 1094 seoguinern
1007 1033 1103 1092 egere?
1152 1031 1221 1082 Quid
1251 1037 1351 1080 tuntum

259 1106 372 1157 lectione
382 1106 454 1158 iecit.
480 1108 532 1158 Sed
544 1117 572 1159 et
581 1110 647 1159 cato
657 1109 689 1157 de
698 1121 726 1156 re
735 1120 788 1155 rus·
825 1109 920 1157 unium
930 1108 1040 1156 humsuo
1056 1107 1153 1172 generi,
1168 1108 1210 1156 vel
1230 1114 1299 1157 sorte
1311 1107 1352 1155 rel

259 1183 329 1246 tice,
349 1187 406 1234 ‘Et
424 1201 457 1235 es
475 1184 613 1249 egricum
631 1183 721 1247 inquit,
740 1182 788 1230 ‘ct
825 1182 1038 1233 fstoinrectumi
1071 1183 1123 1244 An,
1134 1189 1164 1231 ut
1181 1182 1297 1232 convivis
1309 1196 1354 1245 po·

259 1257 309 1309 riri
321 1258 463 1323 fortissimi,
474 1267 501 1310 st
512 1260 605 1309 mitiss·
619 1257 786 1308 strenuissimi
825 1261 889 1309 cutis
902 1266 1075 1322 exstruentur,
1085 1267 1113 1308 et
1137 1267 1207 1308 tecta
1224 1270 1285 1318 suro
1304 1256 1353 1306 ini·

260 1333 417 1399 gignuntur!
452 1337 487 1386 Et
498 1337 575 1385 Corn.
587 1334 694 1384 Tucitus
711 1334 786 1382 ixx.
825 1344 913 1400 gesnt,
925 1334 1089 1399 perricidiurrr
1102 1334 1168 1384 tenti
1179 1332 1256 1383 irriti’
1273 1335 1353 1382 Bm.

259 1410 352 1461 ‘Semi
367 1412 461 1460 beilum
472 1410 592 1460 etismsir
604 1409 712 1473 ignaris,
724 1418 788 1457 stre·
857 1410 995 1475 Hospitem]
1025 1410 1161 1459 Sciendum
1184 1417 1235 1470 est,
1254 1406 1355 1471 untiqui

259 1488 372 1538 nuissimi
407 1487 530 1551 cujusque
564 1485 679 1549 pericuio
715 1485 787 1549 geri!
824 1491 900 1539 moris
918 1488 1005 1553 fuisse,
1016 1496 1045 1537 ut
1061 1488 1167 1553 hospitii
1186 1486 1351 1536 necessitudo

259 1562 354 1613 mim·
825 1581 874 1617 non
885 1567 962 1616 ruodo
981 1566 1047 1615 inter
1069 1566 1191 1629 privatos,
1210 1563 1353 1612 sedetiam

264 1632 268 1638 ’
294 1637 418 1686 Occiderat
429 1637 454 1685 is
463 1638 558 1702 proeiio]
581 1639 674 1689 Tristis
684 1653 788 1704 semper
824 1645 894 1694 inter
916 1644 1024 1707 populos
1049 1641 1252 1691 contraheretur.
1287 1639 1357 1687 Con-f

259 1711 322 1764 beiti
333 1713 414 1761 civilis
424 1714 520 1765 exitus.
565 1715 632 1765 Nam
646 1716 789 1765 vincereet
820 1718 947 1785 jungendi
969 1727 1056 1767 sutem
1084 1715 1189 1779 hospitii
1210 1729 1265 1762 mos
1286 1714 1356 1763 iuter

258 1788 327 1840 vinci
348 1790 511 1854 Reipublicae
537 1791 714 1852 csiemitosum
740 1800 789 1841 est.
826 1795 939 1858 privatos
959 1790 1085 1852 bicinis,
1104 1789 1229 1854 numquis
1247 1802 1355 1853 peregre

259 1863 309 1915 liis
328 1866 396 1914 enirn
415 1868 524 1917 victoris
543 1882 592 1917 non
613 1868 788 1930 externo‚sed
826 1869 1047 1934 proficisceretur,
1069 1874 1098 1916 nt
1118 1882 1133 1916 e
1156 1865 1237 1915 serris
1258 1865 1355 1928 aliquot

259 1938 400 1990 dementire
420 1944 545 2006 sunguine
564 1952 679 2007 peretur.
712 1944 789 1993 Unde
827 1947 1001 2011 promitteret
1021 1944 1054 1993 sd
1074 1943 1162 1992 orbern
1173 1957 1241 2002 enm,
1252 1939 1294 1989 ubi
1317 1940 1355 1988 di-

260 2015 377 2065 Lucanus
387 2018 433 2068 i.r.
444 2019 511 2068 Beil.
519 2020 593 2069 civit.
609 2021 713 2084 ‘Usque
723 2018 789 2069 adeo
826 2037 947 2072 versurus
965 2028 1043 2084 esset,
1066 2021 1110 2085 qui
1131 2020 1300 2083 inquirerent,
1321 2032 1354 2065 un

260 2091 381 2150 miserum
391 2101 440 2152 cst,
449 2095 516 2143 civili
525 2097 628 2144 vincere
641 2094 727 2145 bollo!
754 2096 789 2144 Et
826 2097 921 2147 domiui
939 2098 1030 2161 hospes
1043 2097 1171 2145 umicnsve
1183 2103 1306 2158 putemus
1317 2093 1353 2141 ibi

260 2168 353 2219 Cicero
365 2170 448 2233 Epist.
460 2171 478 2218 i.
487 2184 525 2219 ιν.
537 2170 620 2233 Epist.
631 2175 656 2219 9.
673 2171 680 2197 ‘
692 2168 788 2219 Omnis
826 2174 959 2237 qnisquam
972 2177 1048 2221 esset.
1071 2171 1099 2220 Si
1110 2172 1194 2219 nuiius
1205 2175 1272 2231 eret,
1282 2183 1354 2234 quse·

259 2254 320 2294 sunt
338 2245 432 2294 misere
449 2245 476 2294 iu
494 2245 569 2294 beliis
587 2244 714 2305 civiiibus,
729 2259 787 2308 qum
825 2249 917 2299 rebant
931 2247 1114 2297 diversorium:
1133 2245 1155 2294 si
1174 2246 1270 2294 nulium
1288 2248 1355 2304 ersi,

259 2321 373 2386 mojores
383 2322 473 2380 nostri,
482 2321 560 2370 semei
571 2321 688 2385 quidem
700 2327 789 2369 nostru
824 2325 1001 2389 megistrstum
1010 2323 1142 2386 adeuntes,
1150 2320 1354 2386 hospitalitatem

259 2402 406 2461 atussaepe
414 2396 470 2460 jum
486 2396 574 2445 sensit.
607 2395 659 2444 Sed
670 2395 788 2445 miserius
826 2399 1007 2465 portuisirent:
1031 2398 1082 2449 sibi
1103 2411 1164 2446 vcro
1188 2409 1356 2462 quemquos
1456 2422 1460 2430 ·

260 2473 323 2526 simi
340 2488 416 2537 quum
433 2472 490 2536 ipss
504 2471 631 2521 victoris!
663 2471 699 2523 iit
720 2472 789 2522 idem
825 2476 978 2540 magistratu
999 2475 1087 2525 dstsm
1113 2473 1268 2538 cupiebant:
1295 2485 1357 2521 nou·

259 2549 279 2598 1.
292 2560 319 2598 x.
331 2549 408 2613 epist.
427 2553 451 2598 6.
468 2549 476 2576 ‘
494 2549 646 2598 Extremum
664 2549 789 2598 melorum
825 2566 954 2616 nnuqusm
989 2556 1076 2602 ttrneu
1111 2548 1289 2610 usuvenicbst,
1326 2554 1356 2596 ut

260 2626 373 2674 omnium
406 2633 447 2676 est
470 2625 555 2676 civilis
580 2625 640 2674 irciii
663 2624 790 2676 victorie)
826 2627 960 2692 utriusque
986 2627 1095 2691 hospitis
1113 2627 1249 2676 volontate
1270 2625 1355 2686 hospi·

259 2699 338 2748 nes».
826 2702 891 2751 tium
907 2702 1071 2764 jungeretur,
1089 2717 1147 2751 cum
1167 2708 1277 2763 uterque
1293 2699 1356 2747 site·

291 2773 399 2821 Arsiam
410 2773 462 2834 uiis',
478 2787 537 2835 porr
548 2774 672 2835 hospitem]
699 2773 789 2822 misti·
825 2777 983 2825 riussirtute
995 2777 1098 2826 iiiectus
1116 2777 1182 2825 irene
1199 2773 1357 2838 hospitalita-

260 2847 322 2899 bessi
343 2847 426 2896 civilis
447 2847 540 2896 exitus.
571 2848 691 2897 Lucanus
711 2849 729 2897 i.
750 2863 787 2899 ιν.
826 2858 878 2900 tem
891 2852 1049 2915 postuiebst,
1065 2852 1178 2915 etirrrjus
1195 2849 1288 2914 privati
1300 2848 1356 2896 hos·

260 2927 269 2954 ‘
282 2924 423 2988 Postquam
444 2922 528 2987 spstio
545 2923 696 2985 leuguentiu
717 2926 788 2975 nulio
826 2926 884 2991 pitii
895 2933 957 2975 uots
968 2927 1112 2990 pignusque
1124 2932 1181 2974 eret
1191 2933 1286 2974 tessera
1298 2923 1356 2971 irus-

260 3001 355 3052 Mutus
366 3000 517 3064 conspicuos
535 2998 681 3050 irubnerunt
692 3002 789 3052 iumine
825 3003 928 3067 piteiis:
947 3009 978 3051 ut
998 3003 1040 3050 iiie
1061 3001 1129 3065 apud
1142 3001 1262 3048 Plautum
1275 3000 1311 3048 sit
1329 2998 1355 3047 in

260 3079 357 3138 vuitus,
369 3078 404 3127 Et
422 3074 517 3127 fratres
533 3084 658 3140 notosque
675 3093 734 3127 suos
753 3078 789 3127 vi·
826 3079 946 3130 Pornuio:
966 3079 1074 3127 ‘Deum
1085 3077 1239 3141 hospitalem
1258 3084 1286 3125 et
1306 3083 1357 3126 tes·

260 3152 332 3215 dere,
350 3160 503 3218 patresque3
524 3151 685 3216 Deprensum
696 3162 737 3204 est
753 3154 789 3204 ei·
825 3171 909 3206 serem
925 3169 1026 3205 mecum
1044 3154 1117 3204 iero!
1150 3152 1236 3203 Livius
1252 3153 1269 3200 l.
1283 3168 1310 3202 v.
1322 3152 1356 3201 de

259 3228 311 3276 viis
330 3227 420 3277 nesus!
452 3226 571 3277 Valerius
590 3226 698 3278 Fisccus
718 3231 734 3278 Ι.
745 3243 788 3280 ιιι.
825 3233 982 3282 Tisimsthco
1005 3229 1140 3294 Lipareusi
1161 3229 1282 3294 loquens:
1312 3229 1356 3292 qui

260 3302 268 3330 ‘
281 3302 420 3364 Cognoscit
433 3302 459 3350 in
474 3303 528 3351 sits
539 3302 630 3364 Strage
643 3304 723 3353 virum
743 3321 790 3356 sue
825 3309 924 3373 legatos
933 3309 1106 3358 Romanorum
1113 3305 1224 3368 hospitio
1232 3311 1355 3366 exceptos

260 3384 336 3428 texts
357 3375 459 3439 percus,
480 3392 527 3425 sus
548 3392 655 3426 munera
675 3381 789 3443 conjux!
826 3385 858 3433 sd
876 3385 989 3447 Deiphos
1007 3397 1084 3446 usque
1101 3380 1236 3439 deductos,
1248 3387 1317 3426 retro
1328 3376 1355 3425 in

260 3455 395 3506 mdiv·
826 3460 916 3510 urbem
928 3460 1042 3522 hospites
1062 3457 1209 3505 reduxerat.
1241 3452 1355 3515 ‘Hospi-

294 3530 420 3593 Hffliiiffl
439 3533 480 3578 Μ
498 3532 790 3598 wrrdsmepertetasr]
828 3536 909 3597 tium,'
926 3535 1019 3599 iuquit,
1034 3535 1111 3582 ‘cum
1128 3528 1355 3578 Seuntnscousrrito
1449 3570 1457 3574 .

260 3604 562 3666 ‘instructiexercituq'
583 3605 669 3669 inquit
688 3609 726 3657 M.
747 3611 790 3658 Se·
827 3612 923 3663 iactum
944 3619 994 3671 est,
1016 3609 1134 3670 doneque
1155 3605 1256 3668 pubiice
1276 3602 1355 3652 dats!

260 3682 527 3732 notatissimum.
540 3682 691 3732 Controv.s.
705 3686 789 3749 ‘supe
827 3691 916 3740 Caessr
938 3686 964 3735 in
986 3682 1181 3735 Commentariis
1199 3680 1231 3727 de
1253 3679 1354 3729 Hednis

260 3760 354 3812 civium
385 3765 603 3823 cognatorumque
637 3765 790 3813 conserituri
827 3756 1354 3827 loquens:‘Quibusprmiiisceiemituti-

260 3852 361 3898 nouus,
379 3835 562 3896 constiterunt,
581 3842 609 3884 et
628 3841 707 3887 coiies
718 3841 790 3905 equis
827 3843 924 3905 busque
935 3839 1042 3892 fractos,
1051 3837 1094 3900 qui
1106 3842 1133 3882 et
1150 3849 1198 3881 sna
1210 3835 1314 3896 virtute,
1326 3842 1355 3883 et

261 3914 390 3976 utrimque
400 3909 569 3973 complentur,
578 3919 606 3959 et
620 3915 727 3964 subinde
737 3932 790 3965 om·
827 3919 916 3982 popuii
936 3918 1042 3964 Romans
1063 3910 1174 3973 hospitio
1196 3919 1273 3973 etque
1292 3910 1354 3958 anri-

260 3989 301 4038 nis
322 3989 393 4051 regio
411 3985 619 4034 trucidandorum
637 3993 789 4053 corporibus
826 3993 890 4043 citis
907 3991 1043 4056 piurimum
1063 3997 1123 4036 unte
1141 3987 1167 4036 in
1180 3987 1265 4035 Gatiis
1284 3993 1356 4048 potu-

261 4066 443 4125 eonsternitur‚
467 4064 597 4113 iiistorum
624 4067 789 4117 muititudine
827 4070 916 4128 issent,
927 4072 1030 4114 coactos
1047 4079 1101 4113 esse
1114 4065 1238 4126 Sequanis
1254 4061 1355 4108 obsides

260 4140 414 4192 cadaverum
426 4143 468 4190 vel
477 4142 649 4205 spoliantium.
683 4145 788 4209 Siquos·
827 4146 904 4195 dure!
945 4142 1046 4203 Hospes
1068 4148 1155 4188 eutem
1176 4139 1273 4186 dicitur
1301 4143 1354 4184 tem

260 4215 333 4267 sistit
350 4216 454 4282 uliquis,
473 4232 531 4284 qum
552 4233 643 4271 crusss
661 4221 789 4275 homiuem
828 4224 872 4291 qui
881 4219 1063 4286 recipit,qusm
1071 4215 1116 4280 qui
1126 4213 1260 4279 recipitur.
1276 4212 1353 4261 Unde
