3000 5040
287 378 357 455 mu
615 393 812 449 arnustus
835 387 1051 447 nnrrrorrrrtr

327 545 494 624 Ultrsjecti,
508 565 558 626 ap.
576 546 729 607 Neeulme.
744 557 774 610 2.
788 547 859 608 roll.
873 545 1076 609 a-Texrum
1092 545 1225 625 requitur
1237 545 1388 624 precipue

326 643 443 714 Wassii,
458 653 521 702 tum
545 644 673 714 Gruteri,
688 663 706 701 a
722 663 848 721 quorum
867 644 1046 705 lectionibus
1070 660 1220 719 nunquam
1234 641 1367 701 discessit
1376 663 1389 712 ς

328 739 379 798 red
403 739 529 798 contulit
552 756 602 798 xr.
629 740 704 798 Mas.
727 741 856 818 Belgica.
877 742 972 802 Notas
995 741 1045 800 ed.
1060 740 1246 800 Gruterianae
1266 738 1393 815 integras

328 833 429 893 denir.-
451 834 532 912 quod
557 853 613 892 non
628 854 740 912 semper
759 835 870 896 fecerat
892 839 1034 898 Wsssius.
1055 837 1155 895 Varias
1178 836 1255 894 lectt.
1272 833 1347 892 Msr.
1361 841 1393 891 et

327 928 400 989 edd.
415 931 512 989 medio
530 931 732 990 intertextum
753 940 783 990 et
796 940 879 990 notas
892 932 959 991 loco
975 933 1079 1011 posuit.
1121 933 1188 1008 lpse
1200 930 1238 989 de
1253 948 1307 988 suo
1321 928 1393 986 rihil

328 1025 456 1097 addidit,
464 1035 493 1086 ct
504 1035 602 1086 tamen
613 1035 710 1086 textus
721 1028 802 1087 velut
811 1027 919 1106 cymba
929 1029 958 1086 in
969 1046 1092 1100 oceano,
1106 1027 1148 1087 ita
1161 1027 1191 1085 in
1205 1026 1282 1084 notis
1292 1034 1373 1084 natat
1383 1046 1393 1094 ς

331 1131 491 1200 oneratque
504 1123 606 1199 potius
619 1121 768 1193 lectorem,
784 1141 872 1198 quam
887 1122 1018 1197 adjuvat.

295 1224 374 1286 1743
390 1238 457 1296 sqq.
472 1216 688 1292 Heidelbergae.
704 1216 766 1274 Fol.
789 1215 870 1273 luter
890 1214 1054 1293 Scriptores
1068 1217 1208 1274 Historias
1221 1218 1363 1276 Romanae
1378 1236 1397 1275 a

332 1314 405 1371 Ben.
420 1314 509 1387 Casp.
525 1310 663 1368 Haurisio
678 1309 787 1368 editos.

293 1412 371 1475 1744
385 1406 420 1464 C.
436 1405 564 1464 Sallustii
580 1405 677 1483 Crispi
689 1424 755 1481 quae
769 1413 878 1467 extant.
893 1409 941 1482 (ex
956 1405 1005 1465 ed.
1021 1405 1116 1466 Mich.
1130 1406 1300 1481 Maittaire.)
1315 1409 1399 1466 Lun-
1454 1438 1456 1442 ·

332 1500 404 1572 dini,
419 1501 499 1579 typis
512 1503 542 1561 J.
555 1500 704 1579 Brindley.
723 1510 769 1563 12.

292 1633 333 1645 —
346 1598 382 1657 C.
398 1597 525 1657 Sallustii
539 1597 712 1673 Crispiquae
727 1603 829 1657 extant
839 1598 949 1675 Opera.
973 1597 1097 1657 Lutetiae
1111 1594 1297 1667 Parisiorum,
1315 1617 1398 1656 sum·

332 1693 411 1753 tibus
426 1693 521 1752 Mich.
536 1691 641 1768 Steplr.
656 1691 754 1750 David
768 1690 831 1751 filii.
849 1693 1009 1752 12.·-Vita
1028 1693 1168 1762 Sallustii,
1188 1689 1257 1752 huic
1271 1691 1397 1751 editioni

331 1789 492 1866 praemissa,
509 1807 599 1865 quam
613 1807 645 1846 se
669 1788 821 1865 collegisse
844 1796 875 1848 et
898 1789 1047 1848 ordinasse
1072 1788 1218 1867 professus
1235 1799 1280 1847 est
1298 1788 1398 1848 editor

331 1884 436 1962 steph.
451 1883 547 1943 Andr.
563 1883 710 1962 Philippe,
724 1884 784 1943 lere
800 1893 864 1944 tota
882 1885 932 1944 Jo.
948 1885 1057 1945 Clerici
1070 1904 1200 1963 operam,
1215 1885 1311 1943 serbis
1325 1884 1397 1943 sub·

268 1982 273 1989 '
333 1981 403 2040 iude
417 1979 548 2051 mutatis,
562 1977 671 2051 refert;
692 1998 787 2058 neque
808 1981 887 2040 lruuc
902 1991 1056 2043 auctorem
1065 1981 1237 2042 nominavit.
1257 1981 1398 2041 Ceterum

331 2077 427 2137 nitida
440 2086 486 2137 est
499 2074 601 2147 editio,
612 2075 664 2135 sed
678 2077 790 2155 absque
805 2076 933 2137 interiori
947 2086 1025 2138 nota.
1305 2090 1308 2095 '

297 2206 339 2221 -
352 2173 489 2232 Londini.
505 2183 533 2233 4.
549 2192 618 2231 cum
633 2173 766 2231 versione
776 2173 901 2251 Angliea
914 2175 1007 2234 liene.
1020 2175 1089 2234 Lee.

247 2308 250 2313 ·
291 2274 376 2338 ’1745
392 2269 428 2328 C.
444 2267 541 2344 Crispi
556 2267 685 2326 Sallustii
699 2271 809 2345 Opera.
826 2270 957 2329 Dubliui.
974 2279 1002 2330 8.

295 2396 337 2411 ·-
352 2363 493 2422 Londiui.
510 2373 557 2423 12.
573 2382 611 2421 ex
624 2362 673 2422 ed.
690 2363 782 2423 Miclr.
799 2365 957 2424 Maittaire.

298 2467 376 2527 1741
389 2458 611 2528 Amstelodami‚
626 2478 675 2536 ap.
690 2461 718 2519 J.
735 2462 936 2521 wetstenium.
954 2460 1000 2521 16.
1014 2482 1052 2521 cx
1066 2462 1180 2522 doctor.
1194 2460 1247 2520 vir.
1261 2459 1401 2521 emendu-

334 2554 578 2613 tione.—Textus
594 2573 647 2630 per
661 2564 755 2613 totum
767 2555 934 2615 Cottianus.
957 2558 1147 2617 Praemittitur
1162 2557 1220 2616 rita
1233 2566 1263 2616 et
1277 2577 1293 2616 a
1308 2559 1399 2617 Petro

335 2649 449 2709 Crinito
462 2660 490 2709 et
505 2649 629 2727 amplior
642 2670 660 2710 a
671 2651 698 2709 J.
714 2650 828 2710 Clerico
843 2652 960 2731 scripta.

297 2778 338 2793 --
351 2745 483 2806 Taurini.
501 2755 548 2806 12.
563 2748 635 2821 maj.

299 2849 376 2909 1749
391 2844 426 2900 C.
442 2843 538 2920 Crispi
549 2842 679 2901 Sallustii
690 2845 791 2921 Opera
803 2864 869 2921 quae
879 2853 1034 2922 supersunt
1047 2845 1152 2904 omnia.
1175 2845 1218 2903 Es
1233 2843 1402 2903 recensione

336 2938 471 2997 Gottlieb
487 2941 583 2999 Corte.
599 2940 794 3018 Glasguae,·iu
807 2942 920 3001 aedibus
930 2941 1106 3001 academicis
1120 2940 1306 3002 excudebant
1320 2940 1400 2999 Rob.

338 3042 368 3093 ct
383 3035 473 3094 Andr.
491 3035 599 3096 Fontis.
614 3045 661 3095 12.

298 3138 381 3196 1750
395 3132 520 3190 Parisiis.
539 3141 586 3192 12.

300 3234 376 3293 1751
393 3228 428 3286 C.
443 3228 538 3304 Crispi
553 3229 682 3288 Sallustii
697 3233 798 3307 Opera
812 3251 878 3308 quae
892 3239 1005 3291 extant.
1026 3230 1184 3289 Accedunt
1197 3231 1294 3289 Julius
1306 3231 1403 3288 Exsu·

340 3324 495 3400 perantius,
521 3324 642 3382 Porcius
665 3327 764 3396 Latro,
784 3337 814 3385 et
835 3327 1051 3385 Historicorum
1077 3335 1202 3384 veterum
1227 3326 1402 3401 fragmenta.

339 3420 469 3479 Curante
483 3422 530 3480 Jo.
546 3420 766 3479 Petr.=Millero.
783 3420 918 3488 Beroliui,
932 3440 982 3497 ap.
998 3419 1114 3479 Haude.
1128 3429 1156 3480 8.

299 3546 340 3560 -·
353 3516 727 3596 Glasguae.12.ap.llob.
751 3527 781 3575 et
795 3516 887 3576 Andr.
912 3518 1020 3577 Foulis.
1041 3519 1085 3577 Ex
1108 3517 1275 3576 recensione
1302 3517 1402 3578 Gottl.

343 3610 448 3669 Curtii.

305 3707 384 3767 1754
399 3703 527 3765 Parisiis.
546 3719 592 3767 12.
607 3731 653 3785 ap.
669 3713 988 3791 Barbou.-Repetitio
1004 3712 1053 3772 ed.
1069 3712 1169 3788 Steph.
1185 3710 1275 3769 Andr.
1291 3710 1406 3789 Plrilip-

343 3815 393 3874 pe.
415 3799 482 3855 vid.
497 3803 533 3856 ad
557 3821 603 3858 an.
622 3812 712 3867 1741..

302 3900 380 3959 1755
397 3895 431 3952 C.
448 3893 541 3969 Crispi
554 3894 683 3951 Sallustii
695 3897 762 3954 belli
775 3898 934 3957 Catilinarii
946 3909 973 3958 el
983 3902 999 3958 J
1004 3903 1150 3977 ugurthini
1162 3902 1288 3961 historia.
1310 3900 1405 3960 Ediu-

325 3998 328 4007 '
342 3989 436 4067 burgi,
451 3991 528 4069 apud
542 3992 582 4050 G.
596 3990 742 4048 Haruiltnu
756 4005 783 4051 et
793 3997 823 4055 J.
836 3995 963 4055 Ballour.
980 3998 1289 4076 12.-Elegautissimu
1299 3997 1404 4056 editio.

300 4116 342 4131 -
356 4088 449 4146 Halae.
466 4088 615 4148 Sumtibus
640 4089 908 4170 Orphanotroplrei.
928 4095 1189 4155 rs-Leetionem
1212 4095 1318 4165 reddit,
1333 4112 1405 4172 quae

341 4178 399 4240 t‘uit
408 4190 476 4241 aute
489 4184 636 4244 Wasnium
652 4193 683 4243 et
696 4185 841 4246 Cordum.

317 4564 479 4748 ‘a
