3000 5040
282 360 348 427 538
626 339 733 423 rto‘rn
754 373 957 423 vsnronuss
981 375 1022 422 nv

277 520 377 570 rnndiis
388 519 444 567 loco
455 533 476 579 e,
491 519 606 568 vocalem
625 534 640 567 a
658 518 810 584 frequenter
845 519 994 580 ‘Simulque
1013 518 1039 567 id
1058 519 1126 582 quod
1148 519 1235 568 intuli
1255 534 1283 568 re
1301 520 1376 580 solet,

279 603 423 660 ponerent:
448 594 473 641 isl
492 595 809 658 quodpussiminlabnlis
846 595 1024 657 uliiportenta
1041 603 1121 658 utque
1142 596 1262 661 prodigia
1280 598 1378 647 nrrntiu·

279 672 393 721 Terentii
404 671 541 735 Plautique
550 674 679 722 occssrrit:
693 675 730 722 sic
740 673 808 738 upnd
844 671 906 719 baut
915 670 930 718 :’
947 670 1020 718 deest
1025 669 1094 734 steri.
1115 671 1213 720 Rivius.

278 744 477 798 dureconsultos
488 748 594 809 familie
604 751 808 815 tantundem·
877 749 915 796 Ne
930 748 1019 810 pullulo
1041 747 1149 809 licmlio]
1178 749 1272 796 Forte:
1294 748 1378 811 pulluli

277 825 342 872 niam
359 826 528 885 regundorum,
546 827 662 875 communi
672 829 809 887 diuidundo,
844 829 872 873 et
882 824 1039 873 ruendam.
1073 823 1112 870 Ne
1123 823 1218 884 polluti,
1234 823 1336 872 scilicet
1347 837 1378 872 eu

277 912 332 962 pro,
342 899 670 962 irreitcenrlae,rrgrndorsru‚
676 902 808 951 diuidendo.
843 901 990 963 largitione,
999 900 1148 948 uecesdmest
1162 900 1285 960 insidiens,
1296 900 1377 962 majo-

278 975 419 1024 Anuotsvit
446 976 494 1025 huc
518 991 537 1026 ι.
561 978 627 1026 lilsro
651 978 806 1027 Priscianus.
845 987 898 1024 rem
910 976 959 1023 sibi
972 983 1000 1024 et
1012 975 1154 1039 gneiorem
1166 976 1292 1036 lacerent,
1305 976 1377 1025 licen·

277 1051 438 1114 anrnquum
459 1061 545 1101 autern
563 1053 584 1100 is
602 1053 650 1101 ltoc
666 1052 723 1101 lieri
737 1051 814 1101 dicat'
844 1053 889 1113 tio,
919 1044 987 1116 quod
1017 1052 1092 1101 nimis
1119 1049 1247 1100 manifesti
1278 1059 1375 1099 essent.

278 1126 303 1176 iu
320 1128 358 1175 liis
375 1127 470 1189 verbu,
488 1143 544 1192 qum
561 1144 577 1178 a
592 1130 671 1178 tertia
688 1131 807 1192 conjuga·
846 1129 949 1177 Groroo.

277 1200 347 1252 tione
360 1211 505 1264 nuscuntur,
518 1211 603 1253 minen
621 1207 646 1254 in
658 1213 751 1268 quarta
761 1206 809 1255 eti·
877 1204 944 1252 Ωιι».
956 1207 988 1252 ld
1006 1202 1057 1257 Qut
1067 1204 1132 1250 Coss.
1144 1202 1171 1251 C.
1183 1201 1291 1249 Graccho
1299 1204 1322 1248 et
1334 1199 1374 1248 M.

276 1293 317 1328 nm
328 1278 384 1328 lieri
396 1288 506 1330 constat.
541 1281 649 1330 Necest
662 1281 808 1330 Priscianus
845 1279 929 1328 Fulvio
948 1279 1088 1338 intersertis,
1107 1279 1220 1326 semime
1238 1278 1376 1337 uindictam,

276 1356 345 1404 male
357 1357 456 1405 locutus
468 1374 473 1404 ι
492 1370 548 1405 uam
566 1357 635 1420 opud
645 1364 745 1405 veteres
757 1371 808 1406 unu
843 1355 896 1418 qn]
913 1357 1011 1406 Omnes
1019 1352 1075 1403 fere
1087 1353 1196 1417 visignti,
1207 1352 1376 1416 impressique

277 1431 418 1495 eademque
439 1432 584 1495 conjugatio
605 1439 662 1480 erut
685 1434 763 1481 tertia
779 1440 807 1483 et
843 1431 965 1479 codices:
984 1430 1048 1485 Quin
1067 1429 1162 1487 Cosmi,
1180 1430 1209 1478 C.
1229 1427 1336 1477 Groeclro
1352 1433 1377 1476 et

276 1514 379 1569 quurta:
394 1507 418 1554 id
427 1509 494 1571 quod
505 1509 545 1555 rel
556 1523 571 1555 e
581 1509 675 1558 Donati
687 1509 807 1558 methodo
844 1507 882 1554 Μ.
892 1505 974 1554 Fuluio
984 1504 1124 1564 intersectis,
1130 1505 1243 1552 acerrime
1255 1503 1378 1552 cutoriam

277 1581 367 1646 liqrret.
401 1584 468 1631 Nam
481 1585 502 1632 is
519 1586 599 1633 solnm
613 1585 675 1634 treis
686 1586 807 1648 conjugu-
843 1582 973 1631 redidistis
983 1581 1106 1643 ispiciens
1116 1580 1376 1643 enumerationem.

275 1657 359 1706 tiones
377 1660 465 1722 ponit:
497 1668 526 1709 ut
547 1661 664 1709 omittam
684 1661 808 1720 Probum,
844 1658 901 1720 Ego
912 1659 976 1706 liunc
996 1657 1159 1719 scripturum,
1172 1671 1247 1721 quum
1266 1657 1291 1705 in
1312 1657 1377 1705 unti-

275 1733 439 1795 Diontedem,
450 1736 754 1799 Victorinum,Servium,
765 1737 807 1800 qui
845 1733 900 1797 quis
912 1732 985 1780 libris
997 1732 1091 1792 iuveni,
1103 1732 1300 1796 elegantiorem,
1311 1733 1376 1781 veri·

275 1807 465 1860 idesuiaeinnt.
492 1814 619 1862 Onussam
640 1813 688 1876 ipsi
704 1813 807 1862 tertiam
844 1824 967 1873 oremque
998 1809 1118 1859 arbitror.
1152 1811 1217 1860 Cum
1249 1811 1316 1859 enirn
1347 1813 1376 1860 C.

275 1885 429 1948 productam
448 1895 551 1949 vocant,
571 1891 646 1954 eujus
663 1897 691 1938 et
708 1889 807 1938 Phocus
844 1884 977 1934 Oracclius
988 1885 1104 1934 tribunus
1114 1886 1294 1950 plebis‚legem
1304 1903 1376 1951 agru-

276 1960 402 2008 meminit.
420 1962 494 2010 Iden.
844 1961 907 2009 rimu
921 1961 1033 2021 tulisset,
1052 1977 1133 2025 euque
1148 1969 1207 2025 post
1219 1963 1375 2011 tribunatum

271 2075 274 2080 .
308 2035 393 2084 Serere
407 2038 582 2102 uindicandum]
603 2039 726 2087 Nonnulli
739 2038 808 2087 codl·
844 2037 1021 2099 ubroguretur,
1041 2052 1099 2085 cnm
1119 2038 1208 2087 Fulvio
1229 2039 1333 2100 Flacco,
1352 2038 1377 2085 vi

276 2113 382 2162 resine
400 2114 572 2162 medicandum.
606 2114 656 2163 Sed
676 2129 721 2163 nos
741 2115 807 2176 prio·
842 2112 1029 2161 sceleratorum
1051 2111 1181 2160 hominum
1201 2112 1376 2170 corroborata,

276 2206 330 2240 rem
348 2191 484 2241 lectionem
501 2205 647 2255 sequentur,
665 2207 739 2256 quam
751 2192 806 2255 pln-
844 2187 1002 2237 Aventinum
1024 2188 1179 2251 occupavit:
1206 2202 1269 2252 quos
1289 2194 1376 2236 tumen

275 2267 694 2331 rimuexemplarlacomprobunt.
709 2269 806 2331 Popmn.
846 2264 874 2311 b.
888 2261 1008 2325 Opimius
1030 2263 1128 2322 curisul,
1149 2277 1181 2311 ex
1203 2269 1308 2310 senatus
1331 2262 1376 2311 de·

308 2342 423 2393 AEmt’lias
433 2343 536 2392 &nurse
551 2344 618 2392 homo
628 2342 722 2405 nobilis]
745 2344 807 2402 Hic,
843 2348 925 2399 creto,
935 2353 986 2402 quo
998 2345 1103 2387 casrtrtm
1116 2347 1181 2399 erat,
1192 2351 1224 2386 ne
1236 2337 1294 2402 qnid
1308 2352 1376 2400 resp.

276 2427 304 2467 nt
325 2426 398 2481 puto,
409 2426 484 2480 puter
494 2427 534 2468 est
545 2420 601 2482 ejus
622 2421 722 2481 Scauri,
734 2421 807 2483 cujus
843 2414 994 2463 detrimenti
1014 2420 1129 2475 caperet,
1140 2413 1259 2462 immissis
1270 2413 1377 2476 sugitta·

276 2495 395 2546 AEdilitas
407 2495 554 2545 celebratur
566 2510 581 2543 a
592 2495 771 2559 scriptoribus,
781 2503 808 2545 et
845 2492 890 2540 riis
909 2492 1048 2554 oppressit.
1083 2492 1175 2554 Neque
1194 2490 1300 2552 Opimio
1318 2503 1377 2537 auc·

276 2571 301 2618 in
313 2571 368 2633 ejus
380 2571 486 2620 denario
498 2571 665 2633 describitur,
676 2587 733 2621 curn
746 2572 807 2622 titu-
845 2575 914 2618 tores
928 2568 1062 2616 seditionis
1075 2581 1178 2616 necasse
1187 2567 1248 2615 satis
1260 2564 1319 2626 fnit,
1330 2566 1375 2613 serl

276 2647 315 2693 loz
347 2649 384 2695 M.
404 2650 502 2695 Scsvn.
521 2649 581 2695 din.
602 2649 671 2695 Cvn.
705 2648 736 2695 ln
757 2661 808 2710 quo
843 2649 872 2693 et
896 2644 947 2692 tria
968 2643 1048 2692 millia
1076 2644 1202 2691 hominum
1228 2641 1377 2691 interfecit:

274 2719 336 2766 item
349 2722 464 2779 denario,
475 2720 591 2780 ejusdem
612 2721 659 2768 suh
683 2722 807 2782 Pompejo
846 2734 925 2781 quare
943 2734 958 2766 a
977 2720 1016 2769 Or
1024 2720 1108 2767 Decio
1121 2720 1145 2765 in
1160 2717 1286 2780 judicium
1302 2731 1377 2765 voca·

275 2793 370 2856 Magum
394 2795 446 2842 Pru
467 2796 614 2850 Quaestnra,
636 2801 664 2841 et
686 2794 712 2841 in
734 2796 806 2855 Syria
843 2793 1374 2853 tus,rlet'endeuteCorlione,senatuseum

275 2867 445 2929 Praefectura,
460 2874 489 2918 et
507 2876 581 2931 gesta
598 2868 806 2931 contradictum
843 2871 959 2932 periculo
972 2871 1100 2919 liberavit
1127 2869 1242 2918 'l'undem
1254 2887 1269 2917 u
1279 2871 1376 2932 ,lugim-

275 2959 362 3010 regem
383 2946 496 2996 Arabum
521 2960 642 3008 expresse
661 2951 729 2995 sunt.
760 2946 806 2994 Ur·
844 2947 888 2995 tlru
899 2948 1075 3010 magnitudine
1087 2948 1229 3010 pecuniaeu
1244 2948 1319 3008 bono,
1331 2949 1376 2996 uo-

273 3022 347 3071 rimrs.
498 3056 501 3060 »
843 3030 969 3085 uestoquc
981 3023 1007 3070 in
1025 3037 1131 3086 pravum
1152 3022 1375 3087 {instructissimis

308 3097 336 3146 Is
351 3102 472 3160 postquam
491 3097 552 3145 sidit
574 3096 637 3159 regis
659 3097 807 3159 largitionem
844 3099 983 3147 lllunlinme
1003 3100 1146 3164 rogationis
1164 3097 1258 3160 luctus,
1275 3101 1375 3163 ejectus

267 3170 387 3229 semorum
398 3173 622 3236 imprudentemque]
641 3174 722 3235 Lege,
732 3175 806 3238 imps—
843 3179 885 3223 est
896 3189 912 3226 a
923 3176 1015 3238 putria.
1049 3175 1142 3225 Cicero
1152 3177 1283 3226 invectiva
1294 3178 1375 3241 primu

273 3248 426 3307 dentemque.-
443 3246 807 3310 affinitasvcrborum,locun1
844 3251 869 3299 in
892 3252 1046 3301 Catilinam:
1073 3254 1222 3303 ‘Decrevit
1245 3254 1373 3317 quondum

274 3321 354 3369 errori
366 3321 437 3371 lecit
457 3324 502 3371 Est
514 3334 599 3372 nutem
612 3327 638 3374 iu
650 3328 806 3389 manuscrip·
844 3336 959 3388 senatus,
977 3336 1007 3376 ut
1024 3328 1054 3377 1..
1066 3329 1187 3391 Opimius
1207 3330 1319 3388 videret,
1341 3343 1374 3377 ue

274 3394 306 3442 tis
324 3395 397 3454 uidet,
415 3404 530 3458 tempore
551 3402 690 3459 presenti:
716 3410 806 3453 contre
843 3403 1299 3467 qnidrespub.detrimenticaperet.
1313 3405 1373 3452 Nox

273 3484 348 3534 quarn
362 3472 503 3533 Gymnicus
514 3473 598 3522 lanbet
616 3476 708 3524 Rivius.
843 3479 913 3527 nulla
941 3479 1094 3528 intercessit.
1130 3480 1193 3527 Mox
1220 3477 1374 3526 interiectus

194 3554 200 3567 ·
275 3544 431 3594 .anosum
442 3546 653 3613 impudentemque]
671 3551 804 3601 Sicetve·
842 3560 883 3600 est
895 3561 1001 3616 propter
1013 3554 1136 3617 quasdam
1154 3554 1309 3602 seditionum
1321 3571 1374 3602 sns-

275 3627 315 3669 tus
327 3620 417 3681 editio,
428 3629 456 3670 et
469 3623 531 3671 lllss.
542 3625 623 3673 nostri
635 3641 641 3672 :
666 3626 733 3688 qnod
746 3642 803 3690 pro·
843 3625 956 3686 piciones
966 3627 1138 3676 C.Orucchns
1148 3628 1287 3676 clarissimo
1299 3626 1373 3692 putre

273 3697 373 3755 nuncio,
385 3698 446 3760 quin
467 3699 541 3748 video
561 3701 664 3749 Riviuru
682 3703 722 3752 hic
733 3703 804 3752 lulio-
842 3709 927 3762 natus,
943 3703 1007 3760 avis,
1026 3702 1181 3761 majoribus:
1220 3704 1320 3754 occisus
1333 3713 1374 3754 est

274 3785 339 3821 rure.
358 3773 483 3822 Gruterus.
842 3791 900 3824 cum
922 3778 1010 3827 lilseria
1030 3778 1067 3825 M.
1088 3777 1193 3827 Fulvius
1215 3783 1372 3831 consularis!

309 3848 481 3910 Verumque
497 3849 521 3896 iu
538 3851 582 3897 tuli
598 3851 688 3917 refieri
698 3854 765 3915 solet,
775 3868 804 3901 ae
844 3855 896 3901 Pro
912 3853 1015 3901 Sestio:
1039 3854 1129 3900 ‘Unus
1148 3854 1174 3901 in
1192 3854 1239 3903 linc
1257 3856 1373 3917 civitate,

271 3924 466 3986 pullariolicevtin
477 3923 592 3972 iruidium
600 3929 746 3991 coemeret]
771 3928 803 3977 'ri
841 3927 1024 3991 quemqnidem
1034 3941 1083 3991 ego
1094 3942 1195 3990 possum
1203 3930 1372 3992 dicerentu-

266 4001 395 4064 floriensi
406 4006 447 4047 est
465 4000 490 4046 in
502 4001 576 4058 attis,
601 4015 631 4048 nc
647 4002 741 4065 siquid
754 4020 802 4067 ego
841 4008 910 4052 clare
922 4003 961 4050 vir
972 4003 1004 4052 de
1024 4005 1114 4068 repub.
1134 4009 1250 4067 meritus,
1263 4007 1293 4056 L.
1305 4009 1371 4070 Opi·

269 4076 370 4139 judico,
381 4075 475 4139 majore
487 4089 544 4124 cum
558 4076 642 4139 gretia
654 4076 745 4126 obesse
758 4094 802 4140 po-
841 4079 914 4140 mius,
923 4079 1096 4141 indignissime
1106 4082 1230 4131 concidit:
1240 4078 1373 4144 cujusne}

273 4154 352 4204 terit:
378 4168 429 4204 nec
438 4149 470 4203 in'
477 4155 658 4218 manuscriptis
669 4155 802 4204 volumini·
840 4162 988 4205 numentum
1000 4158 1196 4208 celeberrimum
1213 4161 1291 4207 estin
1303 4158 1371 4221 soro,

273 4224 320 4277 leus
339 4229 433 4291 reperi.
464 4229 516 4279 Sed
534 4237 562 4280 et
578 4231 641 4280 aliisi
658 4231 803 4298 Sallustius,
836 4233 1001 4298 srpnleltrum
1019 4219 1222 4284 desertissimum
1239 4235 1266 4286 in
1281 4235 1373 4288 littore
