3000 5040
396 361 548 412 aranon
571 360 759 411 suehans.
804 359 888 423 osa,
909 344 965 412 79.
1165 345 1231 412 626

131 507 210 567 atque
221 510 334 567 atroces,
353 500 490 569 infestique
502 503 535 553 ob
547 504 661 554 alternos
732 504 817 569 Syrtes
826 503 856 554 nl
866 501 1088 567 mammiano]
1099 500 1160 554 Non
1170 506 1232 560 tnnt

131 584 218 628 motus
229 579 315 642 pelagi
326 576 463 642 affluentis,
480 580 660 644 ingruentibus
699 580 755 630 haee
775 581 800 628 in
818 580 900 630 ueteri
920 578 1045 639 editione,
1061 584 1090 628 et
1108 574 1232 632 amictan-

131 652 158 700 ln
170 668 213 702 eas
223 654 317 716 ventis,
328 669 384 702 enm
404 655 490 704 littora
510 655 606 705 circum
618 655 663 704 de·
699 669 755 703 mna
773 670 843 704 riseris
853 656 1043 718 Jungermanns
1060 654 1168 718 glossam
1177 666 1232 705 nnn·

131 729 209 778 clivia
224 731 285 793 sint,
300 745 332 780 ex
344 746 393 796 qno
412 731 539 781 austrinis
556 729 662 781 flatibus
699 729 760 778 nino
782 736 866 796 putat,
888 744 973 794 qnam·
985 729 1085 793 aliquis,
1109 734 1139 779 nt
1156 729 1233 793 solet,

131 819 202 855 mare
214 807 249 856 ibi
269 808 378 857 maxime
390 806 485 871 fremit,
503 807 663 859 devolventl·
699 805 808 868 margini
819 806 954 855 allevarit:
968 805 1024 868 janu
1036 805 1104 853 enlm
1118 804 1232 870 dixerat,

131 883 179 932 bns
190 885 215 933 in
228 883 291 934 illntl
303 901 392 938 arenas
404 895 431 935 et
443 901 579 950 saxaque
590 886 662 936 illine
699 882 706 909 ¹
719 883 810 946 qtrihns
830 880 923 932 nornen
938 896 970 931 ex
990 898 1018 931 re
1035 882 1162 934 inditum!
1195 882 1230 935 Et

131 963 255 1023 revomit;
273 963 363 1028 quofit
375 972 405 1013 nt
416 964 577 1028 inaequalitas
588 961 661 1025 fnndi
700 959 778 1018 clare,
802 952 922 1008 ‘Limum
941 973 1105 1024 arenamque,
1123 968 1150 1010 et
1168 974 1231 1011 saxa

130 1052 222 1100 magna
244 1038 287 1101 ait,
315 1040 365 1087 alio
387 1038 490 1102 quidem
513 1040 569 1089 loco
591 1053 661 1088 mare
698 1033 814 1098 ingentia
824 1032 919 1084 fluctus
937 1035 1066 1084 trahunt?
1091 1036 1229 1087 lrahttulld

131 1111 427 1177 profundissimum,alio
441 1111 563 1162 vadosum
575 1114 662 1175 sit3et
698 1109 781 1173 ipsum
792 1118 832 1161 est
844 1109 947 1175 σύρουσι,
959 1113 1027 1161 trude
1042 1109 1133 1175 Σύρτις.
1162 1112 1231 1162 vtte
1284 1106 1288 1116 '

130 1188 398 1252 sententiamque
414 1189 491 1237 modo
507 1189 662 1252 eminebant,
699 1184 787 1248 Apoll.
798 1188 817 1235 l.
829 1200 868 1235 iv.
881 1186 944 1249 A'rg.
964 1193 991 1236 et
1005 1186 1085 1250 ipsius
1096 1187 1230 1236 Scholiast.

129 1265 157 1313 in
179 1264 230 1313 imo
252 1264 380 1323 residant;
409 1279 466 1328 quae
484 1278 546 1313 vero
563 1259 660 1315 in'itno
699 1262 781 1311 Gloss.
794 1262 933 1312 Graecolnt.
958 1261 1041 1325 Σέρσιι
1060 1266 1231 1326 tractantes·

123 1340 258 1403 jacebant,
283 1356 360 1404 supra
383 1341 465 1389 undas
486 1340 659 1401 extollentem
698 1337 744 1386 lis:
760 1338 817 1400 lrge
837 1336 928 1400 Σύρτις.
955 1340 1050 1388 Statius
1070 1338 1153 1402 primo
1166 1338 1230 1388 The·

129 1431 163 1464 ex
183 1431 234 1481 quo
254 1417 336 1466 omnis
354 1408 466 1465 loco'rum
487 1415 567 1466 facies
585 1417 661 1466 simul
698 1411 766 1461 bald.
791 1412 900 1476 ‘Syrtes
920 1412 1090 1463 destituturus
1106 1413 1149 1462 ubi
1167 1415 1230 1463 Lat·-

131 1505 188 1540 enm
209 1490 295 1541 ventis
316 1498 441 1540 mutatur.
484 1490 553 1540 vids
573 1491 660 1541 Strab.
699 1495 765 1538 tant.
784 1488 831 1538 lai
842 1490 885 1539 roi
904 1489 989 1553 σύρειν.
1004 1492 1109 1554 ,Graece
1120 1489 1199 1556 ripen
1209 1493 1229 1545 i.

127 1567 147 1616 l.
160 1580 232 1616 xvir.
249 1566 283 1616 D.
296 1567 391 1615 Marias
401 1567 488 1628 Niger.
699 1563 713 1592 ⁸
722 1599 729 1613 .
738 1600 744 1613 .
754 1600 759 1613 .
770 1599 775 1612 .
785 1566 840 1615 sina
860 1566 938 1615 dubia
958 1566 1105 1615 addendum
1127 1567 1229 1617 trahere.

164 1644 268 1705 Inpares
275 1642 447 1704 magnitudine,
457 1642 512 1704 pari
519 1641 617 1704 amara]
628 1641 661 1690 In
700 1637 795 1686 Alluait
806 1647 833 1688 et
843 1638 926 1688 Rufus
935 1641 1057 1690 Avienus.
1081 1643 1088 1669 ‘
1100 1642 1166 1692 Late
1178 1649 1231 1690 tra·

130 1716 283 1783 quibusdam
302 1725 352 1777 est,
371 1716 417 1765 sed
435 1715 577 1779 impressis,
593 1732 663 1780 pares
698 1714 968 1779 tutaquoraspttsss
1001 1705 1229 1787 SicsupraCriap.

130 1797 230 1841 mura:
259 1805 346 1841 verum
367 1792 458 1841 eodem
482 1793 557 1855 plane
577 1807 662 1856 senen,
699 1791 732 1840 tle
760 1793 933 1842 Catabathmo
964 1794 1090 1842 rationem
1120 1796 1230 1844 nominis

131 1866 248 1930 quamvis
267 1866 337 1928 prior
356 1867 445 1928 lectio,
462 1867 556 1931 siquid
576 1874 616 1917 est
635 1867 661 1917 in
699 1868 778 1916 etiam
796 1868 908 1918 breviter
927 1868 1039 1917 innuisse
1051 1869 1114 1919 satis
1134 1870 1228 1920 habet:

131 1956 173 1990 me
179 1941 281 2006 judicii,
292 1942 377 1991 verior
388 1949 436 1991 est.
471 1942 564 1991 Rivius.
698 1942 843 1992 ‘declivem
863 1943 1036 2005 latitudinem,
1053 1959 1127 2008 quem
1143 1946 1228 1996 locnrn

170 2019 276 2081 Inpares
298 2018 469 2082 mpgaitsttline,
488 2018 544 2080 pari
565 2020 662 2084 antara]
699 2019 885 2069 Catabathmon
896 2021 1144 2084 iucolaeappellant.’
1159 2022 1230 2076 Quid

130 2094 234 2143 Servius
245 2095 300 2145 haee
318 2095 355 2143 ita
373 2093 468 2143 recitat
481 2093 507 2141 in
519 2092 592 2156 Virg.
602 2093 660 2144 AEn.
698 2095 764 2144 enim
773 2094 923 2156 καταβαθμὸι
931 2096 1000 2146 aliud
1011 2111 1085 2161 quarn
1093 2096 1232 2149 dexianus?

130 2170 148 2219 l.
171 2184 190 2219 ι.
215 2172 223 2198 ‘
242 2171 357 2234 impares
376 2169 565 2234 magnitudine,
584 2185 660 2233 pares
697 2172 846 2223 Putschius.

131 2247 248 2297 naturaz'
272 2247 370 2296 utrovis
389 2247 465 2296 modo
486 2247 568 2310 tegas,
587 2245 660 2309 parvi
731 2249 791 2303 Quoe
807 2264 833 2297 eo
842 2249 943 2307 sautius
952 2247 1124 2312 retinebantur]
1136 2251 1230 2298 Manu·

129 2321 218 2373 refert.
252 2324 385 2374 Manutius.
697 2324 803 2386 scripta,
814 2324 957 2386 rniaebant,
965 2325 1091 2389 quomodo
1103 2333 1130 2373 et
1143 2339 1175 2373 ex
1186 2316 1232 2373 im-

164 2399 269 2462 lmparea
279 2400 451 2463 magnitudine]
466 2400 533 2446 Vide
545 2399 660 2448 Plinium
698 2402 792 2463 pressis
804 2402 932 2465 quaedam,
947 2411 978 2450 ut
989 2418 1040 2466 qaoe
1060 2416 1133 2451 casus
1145 2402 1177 2450 sit
1190 2400 1232 2449 a'o·

131 2486 159 2523 v.
171 2479 195 2523 l.
207 2481 234 2524 et
250 2475 402 2524 Strabonem
421 2477 437 2523 l.
450 2489 480 2523 ιι.
492 2475 661 2524 etxv11.etsi
698 2475 817 2526 cusativi.
851 2476 946 2523 Rivius.
1207 2468 1210 2478 ’

132 2548 204 2598 locus
225 2549 267 2598 hic
290 2549 419 2612 posterior
439 2556 576 2610 corruptus
601 2556 659 2599 est:
731 2550 798 2599 Cha.
809 2554 842 2598 tn
859 2549 1014 2613 Cyrenaica]
1032 2551 1139 2611 Cyrenes
1157 2552 1231 2616 oppi-

131 2625 255 2687 scriptum
268 2630 308 2674 est
320 2624 400 2684 enim,
410 2621 446 2672 ibi
459 2624 562 2685 majoris
577 2624 661 2688 Syrtis
699 2626 758 2674 dnm
771 2625 919 2690 Cyrenaicis
930 2626 1050 2687 regionis,
1059 2642 1116 2690 quae
1126 2635 1152 2677 et
1163 2629 1230 2676 Peu-

131 2701 254 2750 ambitum
267 2714 322 2749 esse
340 2704 400 2760 93ος
426 2700 579 2748 diametrum
597 2716 660 2749 vero
699 2704 791 2766 tepolis
811 2703 881 2753 dicta
896 2703 996 2766 Plinio,
1013 2704 1137 2769 originem
1161 2705 1230 2769 reie-

131 2781 224 2827 llohh:
244 2775 312 2840 quod
332 2790 389 2825 esse
407 2775 510 2824 minime
523 2782 619 2838 potest,
631 2784 660 2826 ut
698 2793 756 2827 rens
766 2780 798 2827 ad
811 2777 928 2840 Grmcoa,
938 2778 1065 2843 Aristippi
1077 2776 1227 2846 Philosophi

131 2851 227 2901 ambitu
238 2866 284 2901 suo
295 2852 421 2901 diameter
432 2851 466 2900 sit
476 2851 565 2914 major.
594 2852 659 2902 Cast.
697 2855 790 2917 patria,
800 2869 816 2903 a
826 2856 927 2918 Cyrene
946 2855 1049 2918 Hypsei
1061 2855 1114 2905 filia
1131 2857 1229 2906 dicitur

163 2927 364 2990 Proximatmoe]
372 2926 520 2976 Sallustium
528 2921 660 2992 reliquisse
697 2937 801 2992 etymon
813 2946 884 2979 siurim
894 2945 1036 2980 arcessere.
1061 2931 1103 2981 Ab
1113 2932 1157 2980 illa
1169 2930 1230 2981 Ca'r·

130 3010 217 3053 terrosa
228 3004 390 3067 probavimus
401 3003 427 3050 in
438 3003 502 3065 Oba.
520 3003 659 3052 Gronorists.
697 3006 809 3067 thaginis
820 3009 912 3055 amula
931 3013 989 3055 tota
1006 3007 1076 3068 regio
1087 3007 1164 3055 etiarn
1177 3007 1228 3069 Cy·

166 3080 212 3127 Ubi
223 3094 405 3140 maremoguam
416 3078 598 3139 examassim
608 3093 661 3126 ota-
697 3081 851 3129 renetlicta.
885 3080 982 3129 Nostro
1000 3079 1049 3127 hoc
1062 3087 1178 3142 tempore
1190 3079 1228 3148 tli-

130 3153 255 3215 tiscoepit]
282 3155 353 3201 Mure
368 3168 486 3213 nragaum,
506 3167 579 3201 omne
598 3161 660 3200 tem·
698 3148 1067 3217 citurcoieu,testeCiravn.
1100 3155 1226 3222 Fnitlissac

131 3234 234 3291 pestate
255 3226 378 3275 tumidum
400 3233 427 3274 et
448 3224 572 3287 inflatum,
593 3227 660 3275 Hist.
698 3229 790 3276 civitas
811 3229 944 3277 nobilitata
965 3243 981 3276 a
996 3227 1070 3278 fonte
1088 3227 1163 3288 Solis,
1181 3229 1226 3294 qni

131 3304 148 3350 l.
157 3317 200 3352 ru.
216 3304 224 3329 ⁴
234 3301 389 3350 Immensum
397 3308 472 3350 aucto
482 3301 553 3359 suari,
561 3308 590 3349 et
601 3315 661 3348 ven·
698 3304 805 3353 meridie
812 3305 1021 3369 trigeuatmenia
1029 3312 1106 3354 nocte
1113 3306 1226 3358 calebat.

132 3387 159 3428 to
177 3377 327 3442 gliscente?
345 3378 417 3438 alias,
432 3378 439 3404 ‘
452 3392 521 3425 mare
533 3376 659 3440 magnum'
728 3381 831 3442 Agerius
845 3381 921 3446 medio
935 3381 1055 3444 arenosus]
1073 3381 1159 3430 Multa
1171 3382 1228 3432 loen

132 3456 270 3517 est,latnm.
288 3455 386 3515 Supra:
398 3455 405 3479 ⁶
417 3466 486 3501 mare
497 3459 660 3515 magnumst
697 3470 804 3504 arenosa
822 3464 848 3505 et
866 3458 969 3506 deserta
986 3458 1011 3506 ln
1030 3458 1134 3520 regione
1147 3458 1226 3520 Cyre-

132 3532 220 3593 ignara
236 3532 333 3594 lingua,
349 3530 529 3578 commercium
544 3529 660 3592 prohibe·
696 3532 929 3594 naica,praesertim
941 3531 1051 3580 nbiolins
1061 3532 1136 3582 lovis
1147 3531 1228 3599 Ham·

132 3606 210 3655 nant:
234 3603 658 3655 Caesnrl.ru.llell.Gall.‘Cum
695 3609 934 3657 monitores-ulum.
969 3608 1126 3658 Quemideo
1146 3608 1227 3659 Ham·

132 3682 223 3730 saesire
246 3690 337 3731 ventus
358 3677 497 3743 erupisset!
534 3680 605 3727 Mela
625 3680 657 3727 nd
695 3683 1225 3747 monemappellatumexistimantGraei,

132 3771 220 3822 aquor
237 3760 353 3806 mihtin
374 3757 481 3815 retulit;
506 3764 533 3805 et
555 3759 657 3805 Sallust.
695 3759 900 3822 quod‘Anposiis
912 3773 1016 3807 arenam
1028 3758 1143 3809 denotet.
1172 3758 1225 3807 Sed

130 3834 336 3897 iugurthall.
353 3833 659 3895 ιιιιιιιειι·ιιιιιι,“ιιιη)οι-
695 3834 822 3885 falluntur
838 3833 950 3895 egregie.
983 3833 1028 3882 Uti
1047 3831 1224 3883 euimtumsb

132 3908 249 3959 tnosum.¹
267 3909 414 3958 Ciaecoaiss.
696 3909 761 3970 aliis,
784 3916 839 3957 tum
861 3906 995 3956 novissime
1016 3923 1031 3956 a
1051 3909 1179 3957 Bocharto
1198 3905 1225 3957 ln
1308 3930 1309 3934 ¹

165 3985 206 4034 Ila
218 3983 297 4043 sanies
315 3985 416 4032 locorum
434 3985 573 4034 antestis
589 3984 659 4032 natal
696 3999 742 4031 auo
763 3984 863 4047 Phaleg
879 3983 1080 4032 demonstratum
1099 3989 1147 4044 est,
1165 3990 1224 4030 cntn
1297 4015 1299 4019 -

131 4060 344 4123 natatsfflarit.
361 4061 456 4109 haur.
481 4058 560 4110 ‘Non
571 4068 600 4110 ut
614 4060 658 4109 ho·
695 4061 791 4109 Chanm
810 4059 916 4123 Jupiter
943 4060 1056 4108 Ammon
1080 4057 1147 4106 idem
1175 4062 1224 4105 eat.

131 4139 227 4188 minum
238 4128 333 4200 vultus,
343 4138 381 4186 ita
392 4138 504 4186 locorum
515 4137 594 4191 iacies
605 4153 659 4188 mu·
696 4136 819 4185 chamum
830 4135 866 4182 ibi
878 4134 976 4183 Noachi
984 4132 1064 4182 tilium
1074 4130 1142 4180 inter
1151 4131 1237 4182 Deos.

133 4215 237 4265 tantur!
270 4215 344 4262 Item.
696 4208 898 4260 relatnm'inisse
914 4215 1015 4258 certum
1034 4212 1091 4267 ειη
1110 4206 1225 4273 AEmlli

196 4286 464 4358 Delphaett'anctas.
635 4293 732 4343 suna.
1105 4286 1159 4340 att
