3000 5040
413 373 565 420 annuuu
589 372 754 421 orarum.
800 375 882 422 cer.
905 359 959 424 59.
1004 368 1012 375 '
1154 360 1219 426 tul

118 513 247 576 legiones,
266 515 366 578 plenior
387 522 415 564 et
437 514 514 577 ipsa;
541 519 568 563 et
589 512 650 562 inde
688 513 790 563 virtutis
810 530 885 564 cause
904 530 918 563 e
935 530 1030 579 genere
1047 516 1073 565 in
1090 531 1172 581 genus
1186 517 1218 566 ad

120 590 243 638 cobortes
253 590 428 652 quingenarius
442 596 469 637 et
485 587 651 637 sexcenarias
687 589 847 640 honestiores
865 591 968 641 ordines
987 591 1218 644 transferebantur.

120 665 239 727 legimus.
272 665 357 715 Greci
375 666 507 714 cohortem
520 665 597 727 vulgo
608 678 653 712 ro·
689 663 738 713 His
746 666 938 730 assignabantur
946 669 1049 719 ordines
1058 683 1104 733 per
1112 670 1219 720 eosdem

120 747 183 788 cant
193 740 298 802 στεῖραν,
310 748 338 789 ut
358 747 385 788 et
396 741 493 789 Ennitn
505 739 651 803 usurpavit.
688 742 813 790 tribunus.
851 744 952 792 Electio
969 744 1154 795 Centurionnm
1172 745 1220 795 du·

120 814 211 864 Snidss
227 816 304 880 spires
322 817 510 885 interpretatur
521 830 651 864 numeros.
689 818 761 880 ples:
775 818 857 881 prima
867 819 994 869 electione
1003 820 1165 885 eligebantur
1174 826 1217 873 bd.

120 892 246 941 cobortes
265 893 292 940 in
309 893 452 956 legionibus
469 906 556 942 ornnes
573 898 650 941 eraut
688 894 798 943 totidem
828 896 918 956 altera,
943 910 1035 960 nempe
1057 912 1089 945 ea
1112 912 1216 962 quoque

120 984 224 1020 nomem
245 974 366 1036 equales,
387 973 450 1036 quia
475 978 504 1021 et
526 969 649 1034 manipuli
687 984 803 1034 nurnero,
822 986 927 1034 genere,
946 972 1007 1032 ritu,
1023 987 1068 1021 een
1087 973 1216 1037 manipulo

118 1046 191 1095 tales.
223 1047 277 1096 Sed
290 1047 352 1111 quia
368 1048 458 1110 priutte
475 1045 588 1109 dignitas
606 1044 651 1094 ali·
686 1044 787 1094 decem.
820 1046 872 1097 Qui
892 1047 975 1109 primu
996 1048 1104 1109 clectus,
1123 1062 1216 1110 nempe

117 1136 167 1186 qua
175 1123 339 1183 attribuitur,
350 1123 378 1171 id
388 1136 439 1171 non
450 1137 466 1170 s
478 1134 592 1182 numero,
603 1120 649 1169 sed
686 1121 847 1186 primopilus‚
865 1122 972 1172 eminuit
982 1140 989 1183 ;
1009 1124 1087 1172 etiam
1098 1138 1138 1184 eo,
1149 1123 1218 1186 qnod

117 1212 132 1245 a
158 1199 298 1262 splendore
319 1206 347 1247 et
367 1198 477 1261 primatu
499 1195 557 1257 fuit,
579 1195 648 1259 quod
685 1212 755 1246 more
774 1205 803 1246 et
820 1197 882 1261 jure
901 1198 934 1247 ad
952 1199 1086 1247 consilium
1106 1198 1217 1248 militare

116 1274 192 1336 primi
202 1275 228 1323 in
238 1290 270 1323 ea
280 1275 444 1324 centuriones
453 1273 556 1336 generis
566 1273 649 1335 cujus·
685 1273 794 1334 veoiret,
805 1274 830 1322 in
838 1273 906 1338 quod
914 1275 997 1336 prirsm
1005 1274 1117 1323 omnium
1125 1274 1219 1338 Legati

68 1352 74 1360 ’
115 1362 176 1410 qne,
195 1357 222 1398 et
241 1348 387 1399 forsantius
406 1349 499 1414 uliquis
513 1347 648 1397 etelectio
684 1350 804 1400 veniendi
821 1351 866 1413 jus
886 1350 1027 1413 trabebant,
1048 1357 1076 1400 et
1102 1349 1216 1411 tribuni;

116 1423 237 1473 virorum.
271 1426 376 1489 Lipsius.
684 1426 761 1487 igitur
771 1435 844 1489 parte
855 1427 965 1491 qrsadam
985 1426 1042 1476 istis
1054 1425 1217 1490 requirebatur.

148 1500 249 1564 Reliqua
258 1501 327 1563 signs
335 1502 363 1550 irs
372 1499 483 1548 subsistiis
492 1498 566 1561 locut]
578 1497 647 1550 erid
685 1501 818 1550 Interdum
828 1503 943 1567 plerique
952 1518 1041 1552 omnes
1051 1502 1217 1552 centuriones

115 1574 136 1624 si
148 1576 276 1638 legemus?
293 1578 405 1640 Reliquus
415 1578 441 1626 is
450 1575 562 1625 dudm
570 1575 649 1624 artius
685 1577 806 1626 advocati
824 1578 850 1631 in
866 1579 1008 1640 condilum,
1019 1578 1065 1628 sed
1084 1592 1131 1643 pro
1150 1585 1215 1627 tern-

115 1651 220 1715 roliorst,
232 1659 260 1701 nt
275 1653 308 1701 ad
320 1652 440 1702 cohortes
457 1649 650 1714 precedentem
684 1665 758 1714 pore,
768 1666 799 1700 ac
817 1651 924 1701 arbitrio
939 1653 1020 1702 Ducis
1036 1653 1126 1717 magis,
1138 1666 1215 1717 quarn

118 1740 208 1775 vocem
227 1727 384 1788 referamus;
400 1742 458 1776 nem
476 1725 544 1775 inire
564 1725 648 1774 dixit:
686 1743 765 1778 more.
808 1728 943 1778 Interdum
965 1729 1071 1791 Equites
1098 1726 1215 1790 admisti,

114 1800 184 1851 ‘Ille
192 1804 311 1852 cobortes
320 1809 466 1863 veteranas,
473 1816 538 1866 qnss
545 1800 651 1851 tumulti
686 1804 816 1869 digniores
833 1803 891 1854 scil.
911 1804 1030 1866 militnm,
1043 1803 1214 1869 etcerturin·

115 1891 208 1926 mussa
218 1879 421 1941 conscripserat,
432 1879 458 1926 in
470 1876 572 1936 fronte;
590 1884 651 1939 pest
685 1881 760 1931 nibus
774 1879 902 1945 aequandi.
935 1879 1002 1942 Lips.

116 1966 162 2001 eas
184 1964 300 2004 ceterum
322 1954 464 2003 exercitum
485 1954 511 2003 lu
529 1952 649 2003 subsidiis
718 1955 845 2018 Evocatus]
868 1956 969 2004 avons·
990 1954 1151 2018 dicebantur,
1168 1955 1213 2020 qui

116 2027 205 2080 locat!
223 2030 254 2077 V.
268 2029 395 2079 chabet:
413 2029 648 2093 &mantuanae
683 2046 716 2081 ex
738 2031 876 2096 provinciis
901 2031 1026 2095 sociisque
1053 2031 1212 2092 civitatibus,

115 2097 252 2162 insubsidio
262 2106 452 2157 murmurat.
487 2105 647 2167 Quererip·
682 2123 757 2172 eque
780 2107 841 2170 jure
863 2113 891 2157 et
908 2105 1007 2156 foedere
1029 2106 1139 2169 junctis,
1160 2121 1212 2156 non

115 2186 172 2228 tara
182 2185 298 2230 nostram
309 2179 484 2244 conjecturam
495 2180 582 2244 aliquo
593 2195 645 2230 mu·
681 2184 767 2235 Latini
787 2178 906 2244 nominis,
924 2185 1022 2233 militie
1038 2197 1143 2232 munere
1155 2182 1212 2231 iun·

114 2253 147 2302 du
158 2254 302 2305 confirmat.
320 2255 401 2305 Panlo
413 2262 473 2319 post
485 2271 545 2305 nc.
557 2256 645 2320 babet,
680 2261 821 2324 gebsntur:
839 2260 884 2325 qui
903 2274 955 2308 non
974 2258 1079 2317 milites,
1099 2256 1144 2305 sed
1164 2271 1213 2320 pro

113 2330 222 2393 ianm,
241 2331 369 2395 quomodo
384 2332 644 2396 arcitenentum.
680 2335 804 2385 militibus
811 2334 988 2384 habebantur:
1008 2330 1214 2381 auctureServio

113 2404 230 2456 Ursinus.
681 2410 708 2458 in
727 2414 751 2459 8.
768 2409 890 2458 AEneidos
906 2408 1107 2459 commentario:
1131 2406 1214 2455 ‘Euo-

149 2481 251 2545 lleliqas
263 2483 345 2546 sicne]
361 2482 470 2532 Codices
481 2480 586 2544 qnidam
604 2480 647 2530 bs·
682 2484 770 2546 catio,’
785 2484 879 2548 inquit,
901 2483 1038 2532 ‘militaris
1048 2482 1137 2545 fiebat,
1153 2495 1214 2533 cum

114 2558 187 2620 beat,
198 2558 340 2621 retinereris
349 2559 428 2620 agna:
444 2555 646 2606 utsdcohortes
681 2557 715 2608 sd
735 2559 838 2608 diversa
854 2559 913 2607 loca
931 2558 1024 2607 diversi
1045 2563 1152 2621 propter
1171 2571 1214 2607 co·

115 2633 228 2699 reliquas
240 2631 376 2683 reserator.
401 2634 484 2683 Vetus
495 2631 587 2696 codex,
598 2633 646 2683 lle·
681 2635 781 2701 gendos
792 2635 964 2685 mittebantur
975 2634 1122 2685 exercitus!
1145 2634 1212 2686 Ero·

113 2709 236 2772 bqsorsn.
269 2709 343 2760 our.
681 2717 754 2760 catos
767 2718 854 2761 autern
872 2710 952 2760 fuisse
969 2710 1140 2761 honoratioris
1159 2709 1210 2761 loci

145 2785 184 2834 Ab
195 2787 233 2834 its
243 2786 389 2835 centsriosses
399 2801 485 2849 ensa,
493 2791 517 2836 et
527 2785 643 2851 emeatus]
680 2793 809 2841 testentur
832 2785 966 2836 Historici.
990 2786 1090 2836 Cesar:
1117 2786 1125 2813 ‘
1145 2787 1211 2836 Erat

114 2860 146 2909 V.
158 2875 183 2911 c.
199 2860 238 2910 Ab
257 2862 296 2911 bis
313 2862 460 2912 centuriones
476 2876 555 2912 enses
563 2863 642 2925 tectos,
679 2863 812 2914 Crastinum
823 2873 945 2913 evocatos
956 2862 981 2910 iu
993 2861 1112 2912 exercitu
1123 2862 1210 2911 Caese-

109 2941 233 3000 praiaco,
250 2941 290 3001 qr.
301 2936 348 2986 sed
365 2937 471 2987 verbnm
483 2938 563 3000 lectos,
574 2938 641 3000 glos·
678 2938 723 3001 ris,
744 2939 788 3004 qui
812 2939 945 3002 superiore
964 2951 1030 2985 anno
1055 2935 1124 2998 apud
1150 2948 1209 2983 euru

108 3024 181 3060 sema
192 3021 233 3062 est
247 3013 326 3075 sucis,
341 3020 455 3077 euocatos,
466 3029 523 3078 que
541 3014 568 3062 in
580 3029 604 3064 v.
616 3029 640 3065 c.
677 3015 837 3079 primipilum
854 3016 966 3063 duxerat
982 3011 1008 3060 in
1025 3011 1128 3074 legione
1140 3009 1210 3059 deci-

113 3086 285 3137 desideratur.
327 3089 394 3137 Nam
415 3088 519 3137 Servius
536 3087 563 3137 in
584 3089 639 3137 AEu.
678 3095 734 3140 ms’
767 3090 858 3139 Zsseb.

112 3163 131 3211 l.
144 3175 176 3211 rr.
187 3162 225 3211 sic
236 3162 377 3211 eitstbunc
388 3164 486 3212 locum:
508 3162 590 3226 ‘lpse
606 3163 640 3212 ab
712 3166 834 3228 Optimam
851 3177 963 3228 quemque
980 3165 1097 3210 moratum
1116 3159 1141 3208 isa
1159 3160 1210 3220 pri·

112 3238 153 3286 bis
175 3251 263 3287 ornnes
284 3245 452 3288 cruentasset
472 3240 643 3302 centuriones,
677 3239 825 3290 nemancos
834 3236 954 3299 subducit]
970 3236 1140 3287 Hunclocutn
1151 3236 1210 3286 Cla·

112 3315 318 3380 praetcrea,’&c.
355 3315 463 3365 Ursisss.
678 3316 793 3365 tissimus
815 3315 917 3378 Lipsius
935 3313 962 3363 in
982 3312 1138 3376 antiquitate
1157 3312 1208 3363 uo-

141 3393 181 3443 At
203 3393 241 3441 bis
263 3392 410 3441 centuriones
428 3405 508 3440 ossam
527 3392 597 3440 lectos
617 3397 642 3440 et
678 3406 752 3441 mana
767 3390 955 3449 versatissimus
972 3389 1009 3439 ita
1020 3388 1208 3451 interpretatur

110 3475 223 3529 eruetur,
233 3468 288 3531 iro]
309 3467 409 3517 Reduxi
422 3467 486 3517 illud
496 3469 576 3529 tector,
586 3481 642 3517 sna·
678 3467 740 3515 liv.
751 3466 784 3516 de
795 3466 871 3516 milit.
884 3465 957 3514 Rom.
968 3463 1036 3513 Disl.
1046 3476 1084 3511 rv.
1102 3458 1207 3523 ‘Ecce,'

112 3560 140 3594 su
152 3547 263 3596 omniurn
275 3546 340 3594 Mas.
352 3553 380 3593 et
392 3551 496 3594 vetuste
507 3558 640 3607 cneorum
677 3541 771 3607 iuquit,
787 3542 795 3569 ⁴
808 3539 977 3590 Centuriones
993 3551 1081 3587 onmes
1100 3537 1161 3587 lecti
1179 3544 1208 3588 et

113 3630 208 3672 temere
234 3638 250 3670 s
271 3622 407 3684 carrione,
434 3629 460 3670 et
487 3620 640 3684 sequacibus
677 3617 779 3668 evocati
790 3618 815 3666 iu
825 3615 912 3666 fronte
920 3620 1078 3676 statuuntur,
1087 3614 1133 3662 sed
1142 3627 1207 3677 prre·

110 3698 177 3761 ejus,
189 3699 334 3747 exclusum:
361 3695 640 3760 nemineptumfuerit
677 3702 719 3744 ter
729 3709 826 3743 morem
836 3699 904 3741 sunt.
935 3689 993 3740 Nisi
1004 3696 1083 3750 esset,
1095 3704 1141 3739 cur
1153 3689 1208 3737 Sel·

110 3774 228 3836 cogitare
240 3789 325 3823 omnes
343 3775 507 3823 centuriones
524 3775 637 3824 ablatos:
676 3770 768 3820 lustina
789 3770 922 3835 signanter
940 3765 1072 3814 mmm?
1096 3765 1141 3813 ⁸⁸¹1
1154 3762 1207 3812 ¹⁴⁸⁰·

109 3861 162 3896 non
174 3847 276 3911 reliquit
287 3857 350 3911 quot
367 3849 431 3898 satis
445 3856 531 3898 essent
543 3849 639 3898 ordini·
676 3855 741 3907 turn,
753 3853 782 3896 ut
794 3846 871 3894 robur
888 3856 963 3891 omne
981 3841 1032 3891 iilic
1049 3840 1168 3896 haberet,
1179 3843 1208 3887 et

110 3923 639 3989 buscurandis,excerpsitqnelectissinsos
675 3922 701 3972 ri
722 3926 903 3986 perrumperet
919 3931 950 3966 ac
969 3918 1105 3967 laceraret.
1127 3911 1208 3997 'Nun

110 4014 234 4064 quosque.
271 3998 398 4048 Gruterus.
676 4012 739 4062 ergo
751 4010 840 4046 omnes
851 3994 887 4044 ibi
900 3994 1015 4044 demere
1027 3993 1207 4047 Centuriones,

142 4075 305 4140 Cumarum]
322 4076 490 4127 Centuriones
500 4079 639 4130 &nemum
674 4075 725 4125 imo
748 4085 848 4124 tanturn
875 4073 1054 4121 hastatorum:
1084 4061 1130 4109 sed
1156 4073 1207 4110 nec

105 4152 235 4214 jsssusut
252 4152 377 4216 permissu
395 4167 411 4200 s
428 4153 535 4205 tribunis
549 4157 638 4220 electi,
675 4155 775 4201 euocati
785 4148 1017 4209 omnes,duntaxat
1026 4140 1068 4203 qui
1079 4144 1105 4184 et
1114 4142 1207 4196 sponte

108 4242 144 4279 ⁶⁸
162 4243 208 4280 ¹¹¹⁰
219 4230 326 4295 quisque
341 4245 444 4298 genere,
463 4247 534 4300 sepe
550 4242 638 4286 tmen
675 4227 781 4290 vellent,
791 4230 838 4275 eut
849 4221 893 4287 qai
905 4216 1035 4280 manipulo
1051 4224 1098 4277 pro
1111 4209 1207 4261 Centu-
