3000 5040
245 331 314 423 ent
596 363 702 413 sore
725 359 925 411 vassoausr
950 356 1009 408 rs
1076 426 1083 438 .
1119 320 1122 327 ’

247 512 335 576 uere]
360 512 454 562 Placet
463 509 609 573 ¹scriptura,
618 513 701 571 'quam
721 504 775 567 elii,
814 501 891 551 modo
902 506 929 550 et
941 498 1012 560 belli,
1022 503 1049 549 et
1065 496 1191 562 perniciei
1208 511 1261 547 ause
1271 495 1341 546 diem

248 589 342 655 purtim
359 602 391 636 ex
408 583 610 634 membranaceis
626 582 708 643 libris,
718 593 775 643 par·
815 579 954 642 prolatam,
965 576 1071 625 tandem
1085 588 1132 639 pso
1151 569 1341 636 intempestivis

248 665 295 715 tin
306 677 339 713 ex
349 660 432 712 ueteri
443 659 556 708 editione
567 663 690 721 eruerunt
701 672 708 704 ι
722 656 775 704 Nes
813 652 884 703 salsae
892 653 985 719 quietis
996 651 1114 714 induciis,
1124 664 1182 699 mox
1192 646 1272 699 interl
1280 646 1342 697 msb‘

237 740 316 791 mli·
323 737 427 802 penirie
434 741 514 784 sostro
524 739 589 782 tueor
596 734 724 796 prelature,
735 734 775 795 tre.
806 737 908 782 ¹sortem
927 728 1025 794 pariter
1034 742 1099 777 cum
1112 738 1190 776 usura
1200 722 1341 788 dependat.

236 808 513 875 -Eodemsiguiticutu,
530 822 581 873 quo
598 806 685 872 paullo
701 820 775 868 supe·
813 809 906 857 Dosse.
1321 831 1324 838 ·

235 888 301 940 ,rius
319 888 475 950 scripserat:
493 888 501 913 ‘
516 884 672 934 Ptolemseus
690 883 775 946 pretio
848 880 1142 944 vermandensem
1156 872 1340 927 Calendsriuut

247 964 315 1016 utem
331 963 392 1012 belli
410 960 556 1026 prolatant!
590 957 776 1008 llocsultlill·
813 956 895 1008 reiert
910 956 1022 1007 eddium
1040 959 1082 1004 2³.
1101 953 1228 1018 Augusti:
1246 952 1340 1000 Festus

235 1040 383 1102 :tlsridatee
392 1039 503 1101 Tigrane
514 1049 601 1085 secum
617 1047 632 1082 s
653 1033 775 1083 Romanis
807 1042 899 1086 ‘autem
910 1033 944 1085 sd
957 1033 1031 1084 diem.
1042 1037 1083 1082 29.
1103 1031 1219 1094 eJ‘usdom
1236 1026 1339 1077 mensis.

246 1130 384 1184 oppresso,
405 1116 529 1166 Arsacem
549 1112 625 1163 tinem
649 1111 710 1161 belli
736 1110 774 1175 (id
812 1104 1342 1162 celebrabanturautemlnbouoremllul·

235 1193 316 1260 ⁸quod
332 1207 390 1244 cum
406 1190 573 1254 argumentis,
584 1196 639 1239 tum
650 1186 774 1250 exemplis
811 1189 879 1251 caui,
889 1195 917 1238 et
933 1189 986 1238 ludi
997 1187 1095 1237 fiebant
1110 1184 1135 1234 in
1152 1184 1229 1234 Circo
1248 1182 1340 1231 lllsml·

235 1270 353 1324 ‚uuum
381 1270 482 1332 Regum
508 1265 659 1317 ostenderat
685 1260 773 1325 autea)
811 1266 872 1315 nine
886 1278 937 1330 qno
957 1265 1000 1313 die
1015 1263 1093 1312 etiam
1115 1262 1225 1326 populus
1243 1274 1290 1324 pro
1303 1271 1339 1309 'se

235 1346 314 1401 -lssrtd
325 1360 454 1411 quaquam
474 1343 597 1406 futurum,
611 1340 655 1389 sed
666 1337 772 1388 ulterius
809 1341 928 1390 esimslis
948 1340 973 1389 in
995 1339 1080 1402 ignem
1107 1338 1238 1387 mittebat,
1270 1336 1338 1385 llaec

245 1423 364 1489 ‘redum
372 1424 545 1486 impetumque
555 1418 619 1467 adeo
629 1418 772 1477 teregnum
809 1419 878 1471 festa
889 1420 992 1470 diuersa
1002 1437 1018 1470 a
1029 1419 1223 1480 Vulcanalibus,
1237 1431 1282 1466 seu
1298 1423 1339 1474 tu·

244 1499 325 1565 ipsius
336 1497 464 1548 t'scturos:
478 1495 545 1562 qsrod
555 1508 599 1544 eos
606 1493 660 1556 jam
673 1490 772 1555 pridem
809 1496 942 1557 bilustriis,
957 1513 1014 1562 qaue
1035 1495 1125 1546 lubitu
1141 1494 1277 1544 undecimo
1290 1493 1339 1542 ca·

234 1573 409 1626 -totisauisuis
426 1572 548 1621 invasisse
560 1569 639 1630 dicit,
652 1565 772 1642 cupidine
810 1571 902 1622 lenda
919 1572 1018 1633 Jupiar,
1038 1574 1089 1633 vet,
1112 1578 1141 1621 ut
1153 1572 1221 1620 'aliis
1242 1570 1339 1633 plucet,

234 1647 372 1714 ‚prodenda
405 1644 516 1709 imperii,
540 1658 579 1693 ac
614 1641 772 1692 divitiarum·
810 1647 1005 1697 decimotertio:
1023 1646 1216 1712 quodvulesni
1232 1646 1338 1694 Festum

244 1723 322 1778 Quod
342 1730 371 1772 ut
389 1719 588 1780 animadvertat,
602 1724 705 1778 monet;
723 1731 772 1766 ⁰²¹¹
810 1721 861 1773 t'nit
879 1723 1023 1775 institutum
1041 1723 1079 1772 ad.
1090 1723 1268 1772 lustrationem
1286 1719 1337 1768 Tu·

231 1796 381 1851 tattaeime
402 1797 515 1861 ipsorum
538 1794 615 1845 dictis
633 1793 710 1843 fidem
730 1793 773 1842 ht·
810 1800 911 1862 barum,
939 1799 1007 1849 unde
1030 1799 1139 1849 Ovidius
1167 1798 1203 1846 sic
1225 1794 1336 1846 cecinit:

233 1874 323 1927 neat:
341 1872 435 1938 quibus
452 1872 500 1922 boc
517 1886 594 1921 unum
611 1870 726 1935 student,
744 1876 774 1919 ut
809 1875 952 1926 ‘Proxime
978 1874 1088 1925 vulcani
1113 1876 1157 1923 tux
1185 1879 1234 1934 cst,
1260 1883 1338 1934 quam

232 1949 306 2001 betti
317 1963 412 1999 moram
424 1947 457 1997 ab
469 1947 568 1996 Arsace
583 1947 708 1997 redimant
720 1962 773 1996 mo·
811 1953 913 2002 Luceria
940 1951 1040 2013 dicunt,
1070 1952 1228 2001 Lustrantur
1255 1960 1337 2010 pura»,

243 2027 296 2089 dor
317 2027 393 2076 fidem
417 2026 485 2074 haurd
514 2027 613 2088 longius
635 2027 772 2089 servaturi,
809 2044 871 2094 qrras
881 2026 943 2079 iacit
954 2030 1007 2087 ille,
1019 2028 1106 2078 tubae!
1126 2027 1262 2088 Templum
1274 2023 1340 2072 Vul-

243 2114 324 2172 qsstu‘
333 2103 392 2153 ulum
404 2112 549 2168 utrumque,
560 2103 607 2152 boc
625 2111 673 2161 est,
683 2112 710 2152 et
723 2103 772 2151 Mi·
808 2103 888 2152 esula
900 2105 1008 2154 Romulo
1019 2112 1093 2152 extra
1104 2117 1189 2153 marsos
1199 2101 1278 2150 Urbis
1286 2098 1338 2149 tuit

241 2179 384 2234 tltridsteuu
408 2185 437 2229 et
456 2179 596 2242 Tigranem
623 2178 770 2229 afflixerint.
808 2180 927 2241 positum,
940 2181 983 2229 vel
993 2181 1060 2244 qnod
1071 2179 1138 2229 filius
1150 2180 1244 2229 Martis
1258 2191 1338 2242 quum

232 2257 305 2311 ‚Qus
314 2271 342 2307 re
354 2261 466 2321 patrata,
477 2270 590 2319 presens
603 2255 652 2319 ipsi
663 2255 770 2305 exitium
806 2254 1006 2316 existimaretur,
1023 2262 1132 2319 propter
1148 2255 1290 2303 fabulosam
1307 2253 1338 2301 il·

244 2333 394 2385 sliomeuis
413 2340 530 2396 paratum
543 2345 612 2381 esse:
630 2347 660 2381 ac
671 2330 770 2380 duobus
807 2332 858 2381 lam
869 2330 977 2380 Vulcani
990 2331 1111 2381 aduersus
1128 2333 1242 2380 Martem
1251 2332 1338 2380 Vese-

231 2407 771 2476 Nsssnisregibusuictimarumiumosem
808 2405 843 2455 ris
865 2420 943 2457 csusa
962 2407 1130 2469 simultatem,
1144 2407 1289 2457 Vulcanum
1309 2407 1337 2456 in

242 2486 374 2548 mistis,
383 2486 490 2534 tertium
499 2483 622 2534 Arsacem
632 2483 705 2549 quusi
717 2498 772 2533 suc·
808 2482 898 2533 eadem
917 2482 983 2532 urbe
1002 2483 1144 2548 eodemque
1166 2497 1225 2533 cum
1248 2483 1336 2532 Marte

242 2561 377 2612 eldenium
390 2560 477 2611 datum
496 2561 537 2610 iri.
569 2560 667 2610 Suadet
682 2559 771 2624 itaque
808 2559 936 2609 domicilio
953 2560 1121 2608 essc'nolult:
1140 2560 1190 2620 vel,
1206 2558 1273 2624 quod
1293 2573 1337 2607 ce·

244 2636 346 2699 Arsaci,
358 2644 386 2686 ut
395 2636 480 2688 dolum
492 2639 604 2701 ipsorum
614 2637 772 2701 inproesens,
808 2636 913 2686 sisimile
925 2643 973 2699 cst,
983 2650 1060 2702 quum
1072 2638 1160 2686 Rome
1169 2636 1200 2684 ab
1210 2634 1335 2685 incendiis

242 2730 275 2766 sc
291 2716 387 2764 bellum
406 2716 431 2763 in
452 2724 583 2777 posterum
594 2722 701 2764 caveat:
719 2728 770 2762 neu
807 2713 894 2764 stetim
911 2731 926 2764 a
943 2716 1030 2778 primis
1051 2714 1208 2779 temporibus
1227 2715 1335 2763 multum

241 2791 323 2843 solunt
339 2789 477 2840 firmiorem
497 2805 525 2839 se
545 2789 579 2838 ad
598 2789 770 2838 resistendum
798 2798 877 2842 'esset
911 2793 1027 2855 periculi,
1063 2790 1199 2841 colendum
1231 2789 1334 2854 quidem

230 2867 298 2920 ,ture
320 2872 417 2932 speret,
438 2882 514 2931 quam
540 2867 562 2915 si
584 2866 683 2915 indere
705 2866 769 2916 inito
808 2868 890 2916 Deum
919 2857 979 2930 igni
1002 2866 1165 2931 praet'ectrun,
1188 2867 1233 2914 sed
1259 2874 1334 2915 extra

228 2944 329 3008 -Reger
348 2949 400 2992 tres
422 2941 602 3007 potentissimi,
619 2942 700 2991 ueluti
719 2942 769 2991 Ge·
808 2942 904 2992 Urbem
916 2944 999 2994 locum
1011 2945 1034 2993 ei
1047 2942 1227 3007 assignandum
1238 2949 1334 2991 statne·

242 3034 307 3086 ryon
323 3019 416 3084 aliquis
428 3019 612 3083 tricorporem,
624 3032 673 3068 nuo
686 3019 769 3068 animo
807 3025 877 3081 runt,
892 3026 920 3070 ut
932 3020 1087 3071 Plutarchus
1099 3018 1178 3069 refert
1191 3020 1216 3067 in
1233 3020 1332 3072 Qoaest.

228 3105 391 3162 pergentes,
412 3095 566 3161 sociatisque
586 3095 679 3159 opibus
698 3096 771 3145 undi-
807 3088 883 3146 Rom.
896 3095 996 3147 Quaest.
1009 3100 1049 3147 di.
1077 3096 1244 3159 Horpiuiusns.
1270 3094 1334 3143 Vul-

240 3182 292 3236 que
304 3171 501 3234 Romanos,boc
518 3179 567 3235 est,
581 3173 693 3223 latrones
710 3188 769 3235 gen·
807 3186 894 3234 canus,
912 3172 937 3222 iu
955 3173 1030 3238 cujus
1042 3174 1163 3223 bonorem
1182 3172 1335 3222 vulcanalia

227 3262 230 3272 ⁵
242 3245 312 3296 naus
320 3247 419 3309 pariter
431 3255 493 3296 eant
503 3261 667 3312 oppressum
690 3250 770 3300 sicto·
807 3249 925 3301 instituta
942 3260 1011 3311 sunt,
1023 3249 1091 3301 idem
1103 3257 1143 3300 cst
1155 3251 1244 3314 produt
1255 3248 1334 3298 dubio

240 3335 284 3370 sss
293 3321 360 3369 baud
373 3322 450 3369 dubie
461 3322 609 3374 discessuri.
641 3325 769 3388 Cujusrei
807 3340 865 3375 cum
874 3326 1042 3377 Tubalcaiuo.
1073 3327 1264 3389 Abbocigitur
1274 3326 1336 3376 Vul-

229 3395 319 3447 vetism
329 3394 482 3444 facilitatem
495 3413 592 3448 summa
611 3418 668 3450 cum
686 3404 769 3465 gloria
807 3417 871 3451 cauo
884 3404 999 3453 erarium
1012 3412 1039 3454 et
1050 3404 1183 3455 ferrarium
1195 3411 1286 3463 artem,
1296 3409 1334 3452 st·

230 3471 408 3536 .eoujuuctam
418 3475 581 3534 ostentat,eo
597 3478 688 3538 magis,
700 3479 768 3541 quod
807 3493 857 3542 que
868 3480 992 3542 ejusmodi
1010 3480 1226 3531 conficiendorum
1242 3481 1335 3528 instro·

241 3548 372 3598 exercitus
392 3547 504 3609 ipsorum
524 3550 615 3612 procul
633 3549 666 3598 ab
683 3551 768 3613 domo,
806 3559 1025 3619 memoremque
1042 3562 1116 3606 sucr'a
1132 3555 1335 3616 bistorispsucis

231 3624 405 3686 >utiliorum
431 3632 629 3689 commeatuum,
656 3625 768 3674 omniurn
806 3624 925 3688 attingit,
939 3630 1061 3676 rationem
1075 3630 1183 3689 primum
1203 3636 1334 3691 repertam

241 3698 354 3764 denique
372 3700 536 3749 bonestnrum
559 3716 643 3751 rernm
656 3703 768 3765 inopiam
807 3715 863 3750 esse
884 3700 987 3765 ipsimet
1003 3702 1106 3751 Etbnici
1122 3703 1246 3753 scribunt.
1281 3706 1334 3755 Ite-

228 3774 355 3838 ‚pstleus,'
364 3788 443 3836 parvo
454 3776 544 3825 labore
562 3777 663 3841 confici,
678 3794 707 3828 ac
720 3779 769 3827 dis·
807 3793 856 3841 que
867 3777 963 3828 ferreos
973 3784 1001 3829 et
1017 3793 1097 3827 aereos
1107 3778 1214 3841 opifices
1227 3782 1335 3831 illicen-

228 3848 403 3915 -pessliposse
415 3850 541 3900 videatur.
567 3854 768 3904 Hocbouestius
806 3861 920 3903 secretos
940 3870 995 3904 esse
1017 3854 1093 3902 docet
1115 3855 1192 3905 Pluto
1212 3857 1228 3906 l.
1246 3869 1280 3905 rt.
1299 3857 1333 3908 de

228 3932 324 3988 -eerte,
341 3925 490 3989 sapientius,
507 3929 622 3976 securius
648 3931 767 3994 deniqne,
806 3932 859 3980 LL.
885 3933 971 3984 Quare
988 3931 1025 3980 sic
1042 3930 1194 3996 pingebant,
1205 3939 1235 3983 ut
1251 3933 1334 3984 refert

226 4015 320 4065 :qaam
330 4007 360 4049 ut
371 4002 429 4050 dum
441 4003 530 4051 alienis
541 4003 671 4054 laboribus
684 4014 767 4056 tntum
805 4006 942 4055 Albericus
967 4006 1010 4054 lib.
1031 4006 1063 4055 de
1084 4007 1245 4072 imaginibus
1261 4011 1331 4060 Deo·

225 4114 229 4123 .
240 4071 303 4125 fere*
314 4090 341 4124 se
359 4084 456 4139 speret,
473 4078 548 4125 armis
564 4078 727 4142 abstinendo,
737 4097 767 4131 ac
796 4093 870 4145 rum,
880 4080 946 4130 fubri
957 4081 1132 4149 similitudine,
1148 4087 1267 4136 malleum
1278 4102 1331 4136 ma-

241 4162 271 4199 se
281 4152 354 4214 qussi
366 4152 477 4202 medium
486 4153 611 4217 gerundo,
621 4157 767 4206 occasiones
805 4173 839 4206 nu
853 4164 989 4219 tenens,et
1006 4160 1038 4209 ud
1058 4162 1124 4211 latus
1142 4161 1268 4213 officinam
1286 4165 1330 4213 bs·

227 4223 484 4294 -sstbeuegemuoe
495 4229 767 4302 amittatr'stqucboc
799 4235 868 4288 'bens
892 4235 1046 4304 tenariam,
1079 4237 1158 4304 Apud
1186 4239 1332 4293 Humerum
