3000 5040
542 390 827 472 cononnsutuu.
1169 379 1233 445 on

136 534 162 583 iu
173 535 295 585 Pisonem
311 524 402 585 de'boc
413 541 490 599 atque
502 534 557 583 aliis
569 535 601 583 ad
614 534 666 598 glo·
705 535 760 599 ipse
780 536 814 584 sit
834 538 1017 600 conjurationis
1028 537 1144 588 creditus
1157 540 1236 602 parti·

135 613 199 660 sism
219 627 290 661 stram
308 611 498 675 spectantibus:
526 610 609 672 ‘Me,'
630 612 667 658 iu·
706 625 776 674 ceps,
792 614 888 662 tamdiu
901 616 1061 678 commorari,
1079 631 1234 681 supervaca-

136 688 219 751 quit,‘
232 690 264 737 ll.
277 688 391 749 Catulus,
410 688 530 751 princeps
541 688 617 751 hujus
628 702 667 736 or·
705 703 780 739 neum
803 706 859 740 esse
880 694 941 742 mihi
965 694 1074 755 videtur,
1094 709 1127 744 ne
1148 695 1232 745 dicam

136 764 210 826 diuis,
229 770 357 814 etauctor
372 763 469 826 publici
487 764 596 828 consilii,
615 762 665 812 t‘re-
705 772 800 829 prester
819 769 950 818 decorum.
984 772 1051 819 Nam
1070 772 1113 819 illa
1132 771 1164 821 de
1184 772 1234 820 ori·

136 840 304 905 quentissimo
316 846 405 887 senatu
423 846 556 902 parentem
572 841 665 902 patriae
704 841 764 903 gine
783 844 860 891 Urbis
881 852 908 892 et
926 848 1053 909 corruptis
1076 849 1163 911 populi
1183 849 1234 897 Ro·

134 915 282 965 nominavit.
315 914 379 962 Mihi
393 914 434 962 liic
446 914 486 961 vir
502 913 665 978 clarissimus,
703 919 906 983 maniusoribus,
921 923 1049 987 initiisque
1066 933 1178 975 motuum
1195 927 1233 975 cl·

134 993 177 1056 qui
195 997 303 1054 propter
321 998 348 1038 te
367 989 452 1051 sedet3
463 991 493 1039 L.
504 989 615 1051 Gellius,
626 991 664 1039 bis
704 994 800 1055 vilium,
812 997 865 1046 sive
877 1013 892 1045 a
904 1000 1034 1061 proposito
1044 1000 1176 1065 digressio,
1186 1016 1231 1053 ssa

133 1067 306 1130 audientibus,
316 1066 425 1115 civicam
437 1080 557 1114 coronam
574 1066 665 1115 deberi
703 1072 799 1133 uerius,
814 1073 891 1122 altior
900 1074 1031 1137 repetitio,
1048 1083 1177 1139 utcunque
1189 1091 1233 1127 no-

132 1161 211 1209 arep.
220 1143 296 1195 dixit.
304 1143 370 1193 Mihi
382 1150 471 1207 togato
481 1151 595 1205 senatus,
603 1158 664 1207 uon,
701 1148 801 1196 minare
814 1147 911 1210 lubeat,
930 1163 977 1198 nec
991 1150 1074 1198 aliena
1086 1165 1191 1213 prorsus
1200 1152 1233 1201 ab

132 1228 161 1271 nt
172 1221 271 1282 multis,
283 1222 348 1270 bene
362 1221 502 1284 gestae,sed
516 1228 543 1268 ut
555 1222 661 1280 nemini,
700 1221 815 1272 historias
831 1233 983 1286 argumento
1000 1226 1113 1286 videtur,
1129 1234 1156 1275 et
1169 1228 1234 1277 Lec-

133 1304 292 1346 conservatae
322 1297 394 1360 reip,
421 1296 544 1360 singulari
567 1310 662 1360 genere
700 1301 750 1348 tori
763 1299 860 1349 accidit
872 1314 922 1348 nou
932 1301 1043 1364 ingrata.
1077 1302 1127 1350 Sed
1138 1302 1170 1351 de
1182 1305 1231 1353 boc

132 1375 334 1438 supplicationis,
354 1377 470 1423 Deorum
482 1375 662 1426 immortalium
696 1373 751 1437 jam
764 1377 834 1437 satis,
846 1376 923 1425 modu
934 1392 1011 1426 uuum
1023 1377 1156 1428 addidero.
1184 1381 1234 1428 utt-

130 1451 226 1514 templa
238 1449 382 1515 patefecit?
407 1450 480 1499 idem
492 1452 525 1500 sd
536 1452 663 1515 Atticum,
700 1465 728 1498 re
739 1451 875 1501 Sallustius
882 1453 930 1501 hoc
938 1451 1091 1514 dissimulat,
1102 1455 1231 1503 Caesarem

131 1526 179 1575 Cn.
201 1525 355 1589 Pompejum
383 1523 541 1575 affirmatio
564 1537 663 1591 senatu,
699 1525 777 1578 fuisse
789 1529 857 1577 iuter
868 1531 1014 1592 conjuratos
1027 1529 1160 1578 habitum:
1179 1545 1231 1594 qna

130 1616 182 1651 non
200 1604 289 1666 semel,
309 1603 354 1650 sed
374 1618 453 1665 sape,
471 1603 557 1653 multis
576 1606 662 1655 verbis
701 1604 733 1651 de
751 1619 778 1652 rc
791 1613 843 1652 tam
863 1606 941 1653 multa
959 1606 1062 1654 interim
1083 1607 1231 1668 Suetonius,

133 1678 252 1730 &euroni
263 1682 372 1729 salutem
383 1682 483 1744 imperii
499 1688 576 1745 atque
593 1683 662 1733 orbis
701 1680 774 1741 eujus
787 1693 844 1727 cum
856 1681 942 1741 primis
953 1681 1074 1742 probatur
1086 1684 1111 1730 lu
1123 1681 1231 1732 historia

133 1761 259 1805 termnum
272 1755 442 1818 adjudicasse.
701 1754 774 1802 fides.
807 1755 875 1803 Nam
893 1756 931 1803 liis
951 1757 976 1803 in
996 1758 1165 1821 suspicionem
1186 1773 1230 1807 ve-

166 1832 199 1880 V.
216 1832 351 1880 Postremo
371 1839 525 1881 statuarum
545 1833 664 1884 inaurata
702 1830 767 1878 nisse
780 1831 851 1878 illum
864 1838 983 1892 testatur,
994 1833 1064 1896 qtrasi
1076 1835 1232 1897 conspirarit

134 1909 231 1973 Capuae
244 1908 395 1957 decuriones
409 1908 574 1972 decorarunt,
586 1917 613 1959 et
622 1926 664 1974 pa·
702 1920 760 1954 cnm
781 1907 819 1956 M.
840 1909 934 1955 Crasso
957 1909 1092 1969 consulari,
1115 1909 1176 1957 item
1197 1908 1229 1958 P.

133 1992 236 2035 tronum
252 1985 417 2048 adoptarunt,
436 1992 544 2046 propter
553 1986 661 2034 salutem
700 1982 770 2031 Sulla
778 1989 805 2032 el
813 1982 950 2043 Autronio,
961 1990 1020 2046 post
1030 1984 1229 2047 designationem
1239 1988 1250 2005 “

130 2062 196 2111 illius
224 2061 295 2110 urbis
323 2061 457 2109 consulatu
484 2068 660 2110 conservatam
700 2061 844 2109 consulatus
855 2060 1158 2112 ambituscuudemuatis.
1180 2065 1230 2113 Cu-

130 2150 192 2192 suo:
211 2144 239 2186 ut
250 2138 360 2200 ipsemet
378 2150 425 2198 pro
439 2138 468 2184 Ρ.
480 2137 563 2185 Sestio
584 2144 660 2187 testa·
691 2135 735 2198 jus
753 2137 939 2199 conjurationis
961 2138 1230 2187 memineruut'sanu·

130 2220 181 2263 tur.
214 2213 264 2263 Sed
280 2221 307 2262 et
328 2213 353 2260 in
370 2212 503 2260 Pisonem:
523 2213 659 2264 ‘Quorum
696 2211 747 2260 sius
758 2212 884 2260 Geminus
896 2212 923 2259 iu
934 2212 1052 2271 lsistoria,
1069 2213 1108 2260 Μ.
1120 2213 1230 2261 Bibulus

130 2289 242 2353 espuae‚’
253 2289 346 2352 inquit,
361 2288 368 2314 ‘
382 2295 408 2337 te
421 2295 606 2352 praetextatum
618 2306 660 2338 ue·
696 2287 722 2334 in
734 2287 837 2348 edictis,
858 2287 889 2335 C.
904 2287 983 2334 Curio
996 2292 1072 2349 pater
1084 2285 1109 2333 iu
1127 2287 1230 2334 Oratio·

128 2378 172 2414 mo
182 2365 293 2429 aspexit,
311 2363 355 2426 qni
371 2378 421 2411 uon
434 2370 548 2426 gemeret
560 2365 660 2412 deside·
698 2361 786 2409 uibus:
805 2364 838 2410 ds
850 2377 902 2425 qus
917 2370 944 2410 et
964 2362 1056 2411 Cicero
1074 2363 1100 2410 in
1119 2361 1229 2425 quadam

131 2441 170 2489 rio
182 2440 240 2502 mei,
248 2439 320 2502 cujus
330 2438 433 2486 consilio
445 2453 502 2485 cum
515 2439 661 2486 universam
699 2435 731 2482 acl
746 2436 849 2484 Actium
867 2437 975 2500 epistola
995 2435 1141 2500 siguificare
1160 2435 1231 2485 vide·

132 2532 214 2581 remp,
230 2513 564 2576 cumittsmipsamnrbem
575 2514 662 2562 memi.
700 2515 750 2559 tur.
790 2511 840 2558 Sed
861 2519 888 2559 et
906 2518 1025 2560 auctores
1045 2528 1099 2562 esse
1120 2513 1166 2574 ait,
1186 2514 1229 2578 qui

131 2598 223 2643 nerant
241 2596 448 2640 esseserrstam.
483 2589 528 2637 Me
544 2590 663 2638 inaurata
700 2599 758 2633 eum
778 2585 826 2634 Cn.
849 2587 928 2635 etiam
951 2587 1045 2636 Pisone
1067 2588 1226 2650 conspirasse

130 2677 215 2720 statua
231 2669 367 2725 douamnt,
379 2678 418 2712 me
430 2671 566 2728 patronum
584 2679 661 2714 unum
699 2660 826 2710 Caesarem
839 2669 976 2712 testentur.
1010 2664 1077 2713 Nam
1091 2663 1171 2713 suissc
1189 2665 1227 2714 iu·

80 2785 83 2790 .
130 2738 661 2803 uoluerunt,amesebaberesitam,for·
698 2743 739 2785 tet
758 2738 841 2786 socios
863 2739 980 2789 eatittnae
1003 2730 1171 2804 nominatum,
1200 2749 1227 2792 et

130 2829 214 2884 tonas,
235 2819 332 2868 liberos
351 2815 560 2866 arbitrabantur:
593 2817 659 2866 Haec
696 2814 764 2876 apud
784 2815 896 2864 Novium
914 2816 1021 2881 Nigrum
1043 2826 1229 2883 questorema

130 2898 229 2949 Cicero.
271 2894 323 2944 Sed
346 2893 407 2959 quid
435 2893 468 2942 de
489 2892 537 2942 boc
560 2892 658 2956 uspiam
696 2890 828 2940 LVettio
846 2890 942 2954 indice,
960 2901 987 2941 et
1006 2894 1031 2940 iu
1049 2895 1224 2946 SeuatrruQ.

128 2972 280 3025 Salluitius?
314 2970 394 3023 erasi
414 2983 475 3017 vcro
497 2975 525 3016 et
543 2969 608 3031 baec,
631 2975 659 3017 et
697 2967 792 3026 Curio;
810 2981 918 3030 quorum
938 2967 980 3015 liic
1000 2981 1015 3015 e
1034 2969 1150 3016 Catilina
1170 2982 1226 3018 sese

129 3051 177 3100 boc
190 3063 269 3112 genus
281 3049 332 3096 alia
343 3060 393 3094 uon
405 3048 485 3093 multo
495 3044 528 3092 ad
541 3060 595 3093 rem
608 3059 659 3094 ma·
696 3042 844 3106 cognovisse
854 3041 965 3100 diceret,
977 3040 1020 3088 ille
1032 3042 1228 3104 chirographum

131 3127 169 3190 gis
186 3124 311 3184 facerent,
330 3136 404 3186 quum
424 3127 470 3168 aut
486 3120 530 3168 illa
541 3126 658 3170 veterum
697 3130 798 3179 qumque
810 3116 865 3177 ejus
883 3114 1002 3163 Catilinae
1015 3113 1101 3162 datium
1121 3117 1226 3178 pollice-

132 3202 301 3252 Romanorum
314 3197 376 3255 laus,
387 3193 471 3256 deque
482 3194 612 3255 corruptis
622 3208 659 3242 se·
697 3188 1227 3254 retur;Suetouinsipseconiirmat:quau-

129 3276 182 3327 culi
203 3274 241 3323 sni
263 3270 373 3321 moribus
394 3269 515 3332 querela:
533 3279 579 3316 aut
598 3282 658 3317 vero
697 3265 1227 3320 tumvisuocdisstmutsrenosterstndeat.

129 3360 182 3403 tam
192 3350 305 3399 libenter
315 3360 345 3394 ac
358 3344 455 3408 prolixe
468 3342 592 3392 tributum
603 3343 658 3392 Cae-
696 3340 788 3406 Itaque
801 3356 832 3391 au
844 3342 883 3391 hic
895 3342 965 3391 nulls
976 3343 1065 3406 gratim
1074 3342 1100 3390 iu
1112 3341 1226 3392 scriben-

129 3426 180 3477 sari
192 3424 336 3486 Catonique
351 3419 517 3484 praeconium.
544 3419 658 3468 Quorum
696 3416 729 3465 do
739 3417 899 3484 sitsuspicio,
908 3417 1014 3471 aliorum
1027 3418 1232 3503 cstojudiciuru..

128 3510 157 3554 ut
169 3509 278 3566 uterque
298 3496 378 3546 tuerit
397 3495 490 3544 merito
507 3492 658 3554 laudandus,
696 3492 789 3545 Rivius.

129 3578 333 3633 casuistarum
351 3574 377 3623 iu
395 3571 524 3638 laudibus,
542 3585 619 3638 quum
630 3579 657 3623 et
