3000 5040
224 352 291 427 772
550 347 553 352 “
577 367 686 419 unuin
709 368 911 419 vinsonusr
937 370 976 419 ru
1040 400 1046 408 .

225 509 395 577 miserrimum
407 510 572 576 pustbellnni
588 511 673 574 civile,
683 513 752 579 qnod
790 511 823 561 de
833 510 993 574 consiliariis,
1010 523 1073 576 ustos
1090 509 1187 560 Caesnri
1199 507 1320 560 adhibes·

225 601 276 637 nnn
294 588 376 636 solum
393 586 539 652 annuunt,
558 603 614 653 qne
626 589 689 639 velit
699 590 752 639 vie·
790 587 836 638 dus
848 594 946 650 censet,
963 602 1013 637 nnn
1026 594 1127 638 tentum
1140 578 1269 641 acuisset
1281 579 1321 636 su·¹

225 669 275 725 ter,
294 677 383 712 verum
404 664 473 729 qnod
492 666 523 714 iis
541 679 595 714 mos
613 665 751 730 gerendus,
790 662 899 725 pientes,
907 662 952 712 sed
963 663 1041 712 etium
1053 662 1175 711 mediocri
1185 661 1320 725 sapientis.

224 734 317 805 unibus
327 739 490 803 adjutoribus
501 748 576 805 parts
586 748 625 790 est
635 743 752 803 victorin,
791 737 882 802 Neque
902 739 968 787 enim
988 738 1057 788 senti
1075 738 1166 800 solum,
1183 738 1327 787 sedetiam.

223 813 356 865 utteribit
366 817 434 865 idem
446 817 537 866 Cicero
549 817 634 880 Epist.
648 831 698 868 xrr.
711 822 751 868 ts.
790 817 934 868 hebetiores
951 817 1089 882 aliquando
1108 817 1199 879 optimi
1218 816 1321 865 consul·

116 895 127 904 '
223 888 260 941 Et
279 891 391 941 idbeue
411 893 489 943 etism
509 894 586 943 seivit
606 895 750 944 AEselriues:
790 900 868 944 tures.
901 896 1037 944 Certelrns
1047 892 1321 957 magnifacit‘l'bucy·

223 963 306 1037 οοᾶοιο
323 967 434 1030 ἐμφύλιοι
453 971 478 1019 ds
496 968 596 1034 ὁκότεροι
614 969 693 1019 κακόν.
714 972 753 1020 nul
790 969 873 1031 uides,
892 970 1019 1020 Politieus
1039 977 1065 1019 et
1084 970 1138 1032 ipse
1149 969 1271 1031 insignis:
1290 967 1323 1014 Ol

221 1042 270 1106 ’γὰρ
291 1043 391 1095 ναίουσι
416 1046 455 1096 trel
481 1047 624 1109 ἡσσωμένου
650 1047 754 1107 ὡμοιώθη
791 1043 933 1107 φαυλότεροι
942 1048 989 1092 ruis
998 1043 1182 1108 lrspdmspls
1191 1043 1245 1092 τοὺς
1256 1049 1320 1105 ξυνε-

221 1120 306 1185 φθορὴ.
331 1121 412 1186 Atqui
424 1129 510 1172 tumen
522 1125 618 1173 Coeseri
631 1125 752 1172 ultionem
790 1117 911 1181 mipene,
928 1121 960 1168 ds
980 1120 1016 1168 tri
1037 1120 1205 1179 eleusium,
1227 1120 1323 1180 tipum

222 1204 284 1261 post
312 1198 445 1246 victorium
473 1196 644 1245 adhibendum
672 1196 751 1244 fuisse
789 1191 876 1240 eleseu
896 1193 939 1241 τὰς
957 1191 1046 1240 πόλεις.
1083 1194 1149 1241 Haec
1168 1195 1322 1242 Sallustianus

220 1273 292 1322 diest
313 1273 414 1335 uliquis,
438 1272 499 1334 quis
520 1271 583 1319 ultio
600 1271 750 1334 plerumque
789 1266 884 1316 decore
895 1268 955 1327 illis,
968 1282 1023 1330 quae
1034 1267 1104 1316 Just.
1115 1266 1216 1328 Lipsius
1229 1270 1255 1316 in
1266 1269 1322 1317 Nu·

215 1348 289 1411 juste
308 1353 365 1407 post
388 1344 493 1406 bellum,
509 1359 585 1408 qnam
605 1351 633 1392 et
651 1345 750 1393 Senecs
788 1341 822 1389 tis
832 1342 864 1389 sd
874 1340 954 1390 l’olit.
962 1340 1086 1403 disputet,
1097 1341 1191 1403 epponi
1205 1351 1320 1402 possent.

220 1423 238 1472 l.
255 1435 274 1471 ι.
293 1420 326 1469 de
345 1421 466 1469 clement.
483 1420 520 1468 sit
541 1419 603 1468 dnus
622 1433 664 1468 res
685 1434 750 1482 prae-
790 1419 868 1468 cuer.

220 1503 300 1553 sture,
322 1496 421 1559 iujuriae
442 1496 572 1556 solatium,
595 1501 623 1543 et
645 1494 671 1542 in
693 1495 751 1543 reli·
822 1498 881 1544 Cum
892 1495 1069 1557 lomiseclnro]
1102 1495 1144 1543 De
1164 1494 1319 1546 claritudine
1418 1516 1426 1535 ε

219 1586 298 1638 quum
324 1573 497 1620 securitatem.
540 1571 749 1619 Verumtamen
789 1569 908 1634 Ponipeji
926 1585 1114 1633 supervacuum
1135 1578 1175 1618 est
1194 1584 1226 1618 ex
1245 1571 1319 1620 Cice·
1385 1602 1391 1617 .

117 1644 121 1649 ’
219 1657 274 1712 ego·
289 1662 341 1697 uon
363 1648 497 1696 suasissem
518 1646 622 1707 censeri,
639 1645 673 1694 ob
689 1645 749 1693 belli
788 1661 862 1708 rone,
883 1647 1034 1708 Plutarcho,
1052 1648 1138 1696 Dione
1158 1646 1251 1711 aliquid
1273 1648 1323 1696 udss·

219 1725 342 1788 speeiem,
361 1731 390 1772 nt
410 1729 469 1771 unte
491 1722 597 1770 dietum.
632 1721 691 1770 Nnn
708 1734 751 1769 ex·
789 1723 858 1771 dere.
894 1722 1317 1786 Hoctnntusnaddo,anpejum

220 1807 321 1850 ternum
338 1799 451 1861 sliquurn
470 1799 579 1858 hostem,
598 1812 648 1845 non
668 1797 750 1845 socios
788 1797 857 1848 seins
868 1805 896 1849 et
912 1801 1034 1849 claritate
1051 1800 1127 1850 etiam
1146 1813 1224 1862 supru
1242 1800 1318 1848 Crus-

219 1875 333 1939 perfidos
343 1875 442 1924 vicerat
453 1876 550 1936 Cesar,
562 1874 606 1924 sed
619 1881 750 1937 eoguntur,
788 1881 882 1923 sumet
894 1875 1023 1924 Caesnrem
1033 1873 1120 1923 fuisse.
1149 1874 1238 1922 Florus
1246 1875 1264 1921 l.
1275 1888 1316 1923 ιν.

220 1950 326 2012 emices,
337 1952 415 2000 eires.
449 1950 585 2014 Reliquum
598 1949 678 2012 igitur
690 1949 750 1997 belli
787 1949 884 1999 ‘Forte
897 1957 957 1999 tunc
970 1952 1076 2001 Crassus
1094 1964 1198 2014 genere,
1210 1950 1319 2012 divitiis,

216 2025 261 2090 jns
278 2027 380 2077 silebat.
415 2027 508 2090 Neque
528 2040 592 2074 uero
608 2024 749 2073 seeundum
787 2025 913 2088 diguitste
929 2025 1047 2087 florebat,
1064 2028 1144 2076 vellet
1160 2033 1245 2076 temen
1257 2042 1317 2077 aue-

219 2101 345 2152 deneenn:
368 2103 447 2152 etiam
468 2101 533 2149 ultio
557 2099 652 2150 Caesuri
672 2100 751 2148 ullum
788 2101 866 2149 tiores
875 2116 946 2164 opes.
980 2079 1112 2154 &Cesar
1128 2104 1317 2166 eloquentiset

219 2178 387 2228 securitatem
399 2176 577 2239 prestitisset:
595 2174 690 2237 quippe
702 2189 750 2222 nec
787 2177 889 2239 spiritu,
900 2187 926 2227 et
934 2179 989 2241 jum
1000 2180 1135 2227 consuletur
1148 2179 1322 2229 allevabutur:

219 2252 334 2303 inermis
352 2267 457 2301 securus
476 2252 520 2310 sis,
534 2249 577 2297 ubi
597 2257 655 2297 tuos
675 2250 750 2297 nimis
788 2251 930 2317 Pompejus
957 2262 1043 2305 temen
1070 2269 1148 2317 supra
1180 2261 1318 2319 utrumqne

219 2325 326 2376 inseris.
360 2324 507 2377 Quaerenda
518 2325 597 2388 igitur·
613 2325 639 2373 in
650 2325 696 2373 tuli
706 2339 750 2373 ne·
788 2327 936 2377 eminebat.'
954 2331 1029 2380 Idem.

219 2400 288 2464 petio
305 2414 366 2448 vere
383 2407 410 2448 et
421 2400 502 2448 sollus
514 2399 585 2462 pacis
594 2399 750 2448 stabilimen·
819 2403 1027 2469 Asidupotestioe]
1059 2408 1190 2472 Vellejus:
1207 2409 1320 2459 ‘Potum

219 2475 344 2536 ts‚sullus
356 2476 446 2538 opinor
457 2475 608 2524 Clementiae
627 2482 655 2524 et
672 2475 751 2524 llise·
788 2476 910 2542 timue
922 2479 1023 2529 honoris
1040 2496 1131 2530 neusse
1149 2481 1182 2530 nd
1201 2498 1259 2532 enm
1271 2483 1318 2533 de·

219 2548 339 2599 rieurdiie
348 2551 453 2599 tibicine
460 2550 597 2600 fulcienda.
615 2550 646 2599 ld
659 2550 751 2599 suadet
787 2551 911 2617 ferretur,
922 2570 972 2605 non
988 2564 1017 2604 ut
1037 2555 1070 2606 sb
1086 2560 1118 2606 'un
1135 2566 1317 2624 occuparetur,

219 2622 395 2690 Augustinus:
422 2629 574 2689 ‘praeterita
596 2626 750 2682 vindicando
787 2630 983 2691 cupidissimus!
1017 2632 1318 2696 Nonitu‚putu‚Ssllus·

219 2702 283 2752 iussn
293 2704 430 2768 pascimus,
440 2703 648 2753 misericordessi
662 2705 750 2765 simus,
788 2704 838 2752 tius
850 2706 986 2756 intellexit.
1018 2706 1069 2755 Sed
1080 2722 1138 2756 eum
1148 2710 1249 2774 Vellejo
1260 2725 1318 2759 sen·

219 2779 378 2829 infuturum
396 2781 558 2830 consulimus.
593 2781 650 2830 Hoc
669 2781 750 2844 igitur
788 2779 820 2828 tit
831 2780 907 2828 etiem
920 2781 1192 2845 Plutarchus,Cieero,
1203 2785 1256 2834 ulii.
1275 2787 1315 2836 Id.

220 2851 331 2906 Curensis
340 2864 502 2919 munnseret,
512 2857 645 2905 Modestis
655 2864 681 2905 et
691 2858 749 2905 Cle·
821 2855 1033 2919 Illqiuresortusa]
1065 2857 1163 2906 Contra
1174 2859 1253 2908 sentit
1266 2860 1317 2908 Lu-

219 2933 315 2981 meutiu
333 2932 426 2981 civium
445 2934 504 2981 odiu
524 2934 635 2996 vincere,
655 2934 750 2981 omnin·
787 2941 865 2976 cuniis
877 2938 904 2977 et
921 2931 1023 2978 Cicero.
1057 2932 1125 2980 Num
1141 2946 1241 2981 causum
1260 2934 1317 2998 illst?

220 3021 271 3070 que
291 3007 324 3056 sd
344 3023 432 3057 eurum
451 3010 582 3059 commoda
594 3017 621 3058 et
639 3010 749 3058 sulutem
787 3003 845 3053 dem
858 3004 950 3053 bonum
962 3005 1114 3069 Pompejns,'
1125 3008 1168 3054 sed
1187 3006 1316 3060 fortunatis

220 3081 335 3134 referre!
368 3085 499 3134 Praeelare
509 3086 601 3135 Cicero
611 3087 635 3134 iu
647 3085 750 3135 nobilis·
787 3081 898 3145 iniquum
927 3088 955 3129 et
981 3083 1052 3130 Deos
1073 3082 1194 3132 adversus
1216 3083 1316 3135 hebuit.

219 3157 284 3206 sime
296 3159 381 3221 Epist.
393 3162 425 3209 ud
437 3162 470 3215 Q.
479 3162 610 3210 Fratrem:
623 3163 686 3211 ‘Est
698 3176 749 3210 nnn
787 3157 889 3206 Badius.

220 3232 298 3282 niodo
310 3234 375 3296 ejus,
390 3236 433 3298 qssi
451 3237 526 3284 suciis
538 3244 564 3285 et
584 3237 693 3297 civibus,
704 3238 749 3289 sed
820 3232 1028 3296 Mrp'mfurtusu]
1057 3234 1114 3282 Hoc
1126 3240 1204 3295 neget
1216 3234 1318 3285 Cicero.

220 3307 300 3358 etism
312 3310 377 3373 ejus,
388 3312 431 3374 qrri
444 3313 532 3369 servis,
544 3312 587 3375 qui
607 3314 694 3360 multis
707 3327 750 3376 pe·
788 3308 822 3371 Et
845 3310 958 3373 Vellejns
978 3309 1001 3357 ei
1025 3307 1120 3356 diserte
1144 3308 1317 3359 Prudentiam

220 3385 327 3434 cudibus
339 3387 538 3450 prnsit‚eosuns‚
549 3389 639 3452 quibus
653 3389 751 3450 presit,
787 3383 922 3431 militarem
951 3383 1050 3429 tribuit.
1100 3382 1151 3429 Sed
1179 3384 1317 3433 Sallustius

219 3462 369 3523 consumitis,
381 3464 536 3528 utilitatique
548 3457 663 3514 servire!
696 3465 750 3513 Eu-
787 3456 1318 3521 PompeiumcumCesureconsert.lde'o·

220 3547 261 3580 sni
271 3533 351 3594 Afris,
360 3538 492 3601 Hispanis,
502 3539 749 3602 Gallis,iuiuienibus
787 3549 836 3598 que
856 3535 949 3595 dicam,
965 3533 1128 3597 prudentium
1148 3535 1173 3581 in
1190 3534 1318 3599 Pompejo

220 3619 252 3655 se
281 3606 395 3656 barbaris
427 3618 583 3679 nationibus,
610 3631 749 3680 eorumque
786 3621 906 3676 respectu
918 3612 1029 3662 Caessris
1040 3626 1089 3660 non
1101 3612 1236 3660 admodum
1248 3627 1317 3674 mag·

219 3683 359 3732 commodis
370 3691 397 3732 et
418 3688 524 3736 utilitati
542 3694 671 3754 salutique
689 3708 749 3741 con·
789 3705 846 3739 nuni
868 3689 955 3740 fnisse.
976 3689 1025 3738 hnc
1046 3697 1116 3737 certe
1136 3688 1198 3735 vicit
1218 3688 1315 3738 Caesur.

220 3758 539 3809 sulerelrunrenitstisest.
559 3766 610 3811 Col.
787 3768 880 3815 Cicero
907 3767 939 3813 de
967 3765 1092 3827 Pompejo
1120 3765 1151 3811 ad
1181 3765 1314 3815 Atticum:

253 3837 393 3898 Compultere
403 3834 498 3897 bellum]
515 3837 667 3887 Vstirnnus:
681 3841 749 3887 Cons-
785 3841 873 3888 ‘Nilril
886 3849 971 3887 nutrius
992 3848 1032 3887 est
1052 3855 1067 3887 u
1087 3840 1214 3903 Pompuju
1224 3848 1314 3891 nostro

218 3925 319 3976 pesae.-
334 3912 392 3973 quod
402 3910 493 3959 lcitum.
512 3911 608 3959 Carrio.
785 3913 993 3976 sapienter‚nilril
1005 3914 1127 3963 fortiter!
1160 3918 1192 3964 Et
1204 3916 1263 3964 alibi
1281 3917 1315 3966 de

255 3987 418 4049 Reddendum]
452 3985 484 4033 ld
506 3993 555 4046 esi,
576 3986 686 4036 Invento
705 3989 748 4036 hu·
786 3989 902 4038 Cesure:
920 3989 986 4036 ‘sed
1004 3990 1052 4040 hoe
1070 3990 1138 4054 τέρος
1154 3991 1266 4040 liorsibili
1280 3995 1316 4042 vi·

220 4060 400 4122 nestomedio,
420 4075 470 4123 quo
487 4062 572 4110 nentri
590 4060 749 4127 lredsntur,e
786 4062 903 4127 giluntiu,
926 4066 1068 4128 eeleritate,
1094 4067 1228 4130 diligentis
1255 4066 1315 4118 est?

222 4130 369 4184 discrimine
380 4137 499 4185 eundum.
787 4140 866 4188 Celer.

253 4209 347 4272 Magna
362 4213 515 4277 ιιιοίιιοίοιιι
529 4212 656 4279 aptatis]
689 4212 749 4279 Agit
820 4214 896 4270 Quem
913 4216 1058 4266 residisset
1075 4217 1158 4283 pauci]
1190 4217 1315 4286 intellige

160 4652 303 4756 (Χ
