3000 5040
392 366 543 415 susurru
565 367 752 419 ruuuuru.
774 369 856 417 our.
879 355 933 418 15.
1147 355 1210 420 537

112 505 175 556 dot!
208 506 235 555 Si
246 507 302 571 quis
313 515 395 557 tornon
409 522 460 556 non
469 507 639 568 miserius,sed
677 525 738 570 core,
746 525 789 573 per
802 527 850 574 cos,
868 528 912 575 per
921 511 963 562 uo.
976 516 1015 574 tro.
1032 511 1161 575 quomodo
1174 511 1210 560 lo·

111 598 228 633 mensos
246 584 379 647 legendum
400 585 545 646 existimet,
561 587 641 634 habet
678 597 754 638 cutus
776 590 834 639 nlilsi
859 591 926 640 idem
952 589 1088 638 Sallustius
1109 588 1212 652 sepius.

111 659 215 708 codices
226 676 288 723 quos
301 667 431 722 sequetur.
450 662 551 724 Popmc.
679 665 713 713 Et
733 666 819 715 Livius
835 667 878 716 lib.
898 681 936 716 rx.
955 666 1016 715 belli
1033 679 1063 714 ιι.
1093 663 1205 713 Punici:

110 760 112 765 .
146 734 206 789 Quoe
215 751 251 783 me
259 740 366 797 premunt
378 738 505 800 oerumons]
523 737 589 785 Haeo
601 744 641 785 ert
678 740 940 807 ‘Pervosfidemque
953 750 1063 792 vestrum
1073 742 1142 791 Rc.
1156 739 1208 803 pri·

113 825 219 860 concors
246 813 375 876 scripturn
401 813 498 861 Pallet.
520 814 642 876 omnium,
678 830 786 878 usquam
803 832 890 867 eornm
902 819 985 866 scelus
996 816 1114 881 expietis,
1124 828 1208 879 neque

112 900 145 936 ue
162 887 216 949 quis
234 885 301 935 forte
328 889 459 937 auscultet
477 889 510 936 nd
534 891 640 952 Popmn
679 892 805 951 inltnliu.
822 896 943 957 nequein
962 893 1051 944 Africo
1070 893 1207 958 quidquam

112 961 224 1009 miserius.
244 962 383 1012 Gruterus.
631 994 634 1000 ·
680 969 879 1031 reigesseritis)
897 972 992 1020 Mouet.

144 1037 217 1097 Cuius
226 1038 284 1085 ritoe
294 1040 399 1101 meisque
416 1045 518 1102 potestus
529 1051 559 1090 ex
570 1042 640 1092 olicis.
712 1044 771 1094 Siue
787 1048 906 1105 dedecore,
922 1047 1008 1094 Patres
1022 1044 1156 1108 conscripti,
1166 1059 1208 1107 per

109 1112 189 1176 opibus
196 1114 293 1176 pertin]
321 1116 643 1181 lllnuuscripta,exopilss
679 1121 786 1183 oos‚q·c.]
808 1122 852 1171 Sic
863 1121 1059 1171 contubernium
1071 1121 1136 1170 Mn.
1148 1121 1210 1170 satis

109 1190 207 1245 olieniss
231 1198 259 1240 nt
272 1191 428 1254 adjectivum
448 1202 579 1259 sequntur.
598 1195 642 1244 Ri-
680 1198 782 1260 quidem
790 1198 903 1261 abrupte
913 1197 1050 1260 imperitis,
1059 1193 1213 1258 nisinliquid

110 1268 171 1313 “lw-
680 1273 792 1322 tertiatur
805 1273 889 1322 verbis
902 1274 995 1334 simile,
1006 1273 1052 1321 lroc
1064 1271 1121 1319 loco
1132 1283 1212 1334 oppo-

143 1341 183 1389 Ns
199 1341 416 1392 oionecontsnrtus
426 1344 529 1407 sideru]
559 1347 642 1396 Locus
679 1348 826 1397 sitissirnnrn
844 1355 921 1397 esset.
952 1347 977 1397 Α
995 1348 1070 1397 libris
1086 1346 1213 1395 membra·

111 1425 256 1479 corruptus.
286 1419 382 1468 Badius
402 1421 465 1480 legit
475 1427 606 1483 costerius,
615 1430 643 1474 et
680 1426 767 1473 nereis
788 1425 850 1473 nihil
871 1424 997 1473 recedunt
1025 1423 1143 1486 primitus
1165 1420 1212 1470 inr-

111 1494 225 1557 explicat
244 1510 291 1544 suo
314 1511 394 1546 more.
426 1498 570 1548 Pslmerius
589 1501 644 1550 ries
681 1500 771 1562 pressi,
781 1492 933 1564 quoru'quod
944 1499 1096 1563 supplendos
1108 1503 1212 1546 senten·

111 1572 270 1633 provixisse,
288 1573 363 1635 nimis
380 1574 488 1624 comice.
522 1577 587 1639 Ego,
602 1592 644 1626 see
681 1574 1134 1639 tininterposuerinunuruum.
1161 1574 1212 1621 Pcr-

112 1645 190 1693 oirsre
206 1652 335 1695 contemtus
353 1648 454 1710 riderm
469 1650 544 1698 unies
555 1651 645 1702 additu
681 1655 729 1699 tres
746 1652 871 1714 conscripti
882 1666 1022 1714 orosospcr
1032 1652 1130 1701 liberm:
1147 1649 1211 1699 setis

112 1719 227 1781 liternln,
245 1736 296 1784 qun
314 1723 363 1771 toti
379 1725 514 1772 sententia»,
530 1726 644 1774 medeor.
684 1727 779 1774 rustice
786 1727 869 1774 minus
878 1725 966 1775 forsan
974 1728 1090 1777 insubide
1097 1727 1158 1790 fingi
1166 1741 1212 1790 po·

114 1793 231 1856 Utiunru,
242 1797 335 1860 iuquit,
344 1812 412 1846 mors
420 1813 477 1847 ntes
487 1814 545 1847 curu
558 1800 646 1849 lrones·
684 1801 791 1849 tuiuset:
809 1801 983 1849 siuedctlecore.
1001 1802 1080 1856 Qnors
1089 1802 1120 1849 Ρ.
1133 1803 1161 1850 C.
1170 1816 1213 1863 per

114 1878 170 1920 tate
182 1872 323 1935 conjuncta
334 1880 404 1921 esset
414 1890 421 1933 ;
448 1880 486 1922 tot
498 1875 599 1937 injuriis
610 1874 646 1924 sf-
683 1891 740 1932 cos,·
763 1883 793 1924 ut
803 1891 876 1938 quere
886 1877 1003 1940 periisset
1014 1877 1047 1925 ob
1059 1877 1115 1926 soni
1124 1875 1213 1926 adfini·

113 1946 199 1997 fectus
211 1948 272 1996 nrilri
285 1949 345 1997 vitae
358 1948 434 2000 tinem
450 1948 579 2000 facerem:
597 1967 645 2003 nec
683 1958 761 2000 tstern
774 1967 832 2016 quae
843 1953 866 1999 ei
881 1967 939 2000 eum
950 1954 1086 2016 postremis
1098 1954 1209 2003 clemen·

113 2025 192 2073 etisrn
204 2026 229 2074 iu
239 2032 369 2088 posterum
379 2027 521 2076 horninibus
530 2034 644 2077 contem·
683 2029 716 2078 tis
728 2028 798 2077 verbi
809 2029 926 2078 dedecoro.
946 2029 1082 2082 Gruterus.

113 2108 154 2150 tus
168 2101 289 2163 viverem,
301 2103 321 2150 oi
332 2116 380 2165 ego
392 2103 474 2165 stirpe
485 2105 556 2167 regie
565 2112 644 2166 satus,
681 2150 684 2154 ,
716 2107 765 2154 (tro
785 2120 825 2155 ros
843 2121 887 2169 per
907 2106 990 2156 liberos
1012 2113 1082 2171 utque
1101 2115 1212 2172 parentes

113 2183 153 2227 tot
163 2178 236 2226 molis
247 2177 413 2242 defatigatus,
429 2180 526 2245 iujurlse
544 2182 643 2232 cedens.
680 2179 778 2242 cestros]
804 2180 835 2228 In
852 2182 1034 2244 manuscriptis
1045 2197 1096 2231 uon
1112 2189 1153 2231 est
1164 2198 1215 2244 oro,

113 2253 189 2302 Nunc
201 2255 319 2318 quonism
337 2269 422 2319 noque
444 2259 530 2305 virere
540 2258 601 2305 mihi
615 2259 643 2306 li·
679 2255 1213 2320 nequeinBeronldino,sedtnuturnmoclo

113 2329 166 2392 bet,
183 2345 240 2379 curu
252 2345 376 2395 nequeam
394 2330 483 2380 fratris
495 2342 606 2382 mortens
617 2341 644 2382 et
680 2348 722 2394 per
731 2348 779 2393 eos,
786 2347 828 2395 per
835 2332 927 2393 liberos,
936 2335 977 2393 irc.
988 2345 1046 2395 quae
1059 2330 1136 2379 lectio
1147 2331 1214 2380 lunud

113 2405 218 2468 injurios
239 2409 457 2470 ruessperscqui;
481 2422 566 2470 neque
582 2410 646 2457 mori
683 2407 791 2455 dubium
813 2406 873 2470 qnlu
891 2407 980 2455 melior
1002 2406 1044 2454 sit.
1068 2420 1116 2454 nee
1138 2405 1215 2454 aliter

113 2482 176 2531 lieet
193 2483 247 2530 sine
264 2483 409 2544 dedecore;
435 2499 499 2545 rogo
515 2500 560 2532 ros
572 2486 604 2533 P.
617 2485 647 2536 (l.
683 2480 738 2530 fere
756 2482 844 2530 Livius
863 2494 902 2530 tx.
916 2482 1021 2531 secundi
1039 2482 1098 2530 belli
1110 2482 1214 2543 Punici,

79 2589 80 2592 =
115 2557 251 2606 subvenite
268 2559 361 2607 misero
384 2559 454 2609 rnihi.
487 2558 574 2622 Atque
591 2559 647 2608 haee
685 2556 806 2610 ‘Quibus
823 2571 869 2621 por
887 2570 931 2605 vos
951 2556 1080 2621 fidemque
1100 2563 1213 2609 restrum

113 2631 177 2692 suilli
200 2633 249 2682 loei
271 2634 346 2697 hujus
376 2635 505 2685 sententio
536 2635 648 2698 videtur,
684 2634 716 2683 P.
730 2635 760 2682 C.
779 2633 852 2696 prins
868 2647 944 2697 quom
960 2646 1047 2680 eorum
1067 2632 1151 2681 scelus
1171 2646 1214 2681 ex·

114 2723 190 2772 quern
201 2716 287 2758 tamen
300 2710 417 2761 modeste
426 2726 542 2775 propono
554 2713 646 2761 exami-
684 2710 769 2773 pletis,
786 2724 869 2773 neque
889 2710 915 2756 iu
926 2708 1013 2767 italio,
1029 2721 1113 2771 neque
1124 2707 1150 2756 ln
1168 2704 1214 2757 Ar-

115 2786 233 2836 nsndnm.
250 2787 387 2836 Prrtsclriss.
682 2785 736 2834 rico
747 2782 886 2848 quidquam
899 2783 935 2832 rei
947 2781 1098 2846 gesseritis?
1120 2782 1214 2833 Rivius.

112 2908 118 2915 .
147 2864 186 2911 Ne
201 2863 280 2912 riom
296 2867 440 2927 corrmptus
456 2863 557 2926 sidero]
583 2860 645 2910 Oru-
714 2862 781 2911 Cur.
795 2866 824 2909 15
843 2860 1077 2922 Legasusugorrsae
1085 2859 1214 2919 largitione

115 2956 160 2991 nes
172 2944 276 2993 codices
287 2945 392 3003 habeut,
403 2948 556 3006 cooleruprss,
567 2950 645 3007 atque
682 2938 759 2998 mugit
768 2952 837 2999 quum
847 2934 1009 2997 castrolidi]
1025 2936 1121 2983 Melisst
1129 2937 1213 2996 ligati,

116 3017 153 3067 its
170 3019 248 3067 etism
269 3019 361 3067 Solrlur
379 3019 455 3081 legit:
482 3019 578 3082 quippe
602 3018 645 3081 qui
682 3029 742 3062 cusu
752 3013 923 3062 nominativo:
943 3011 969 3059 ul
981 3025 1116 3073 operarum
1128 3011 1215 3060 estiu-

117 3092 647 3156 exponat,⁸Contemptus,ldest‚neglee-
683 3090 938 3140 eurincommlssuru.
958 3089 1052 3136 Rivius.

119 3177 169 3231 tor,
188 3169 308 3231 spretus!
344 3169 440 3217 Bodius
460 3177 545 3217 suteru
564 3175 648 3232 putot,
716 3167 864 3216 suumne
877 3163 1039 3225 intersectum]
1067 3162 1155 3213 Codex
1167 3163 1214 3214 Fe-

116 3249 236 3294 costsrrtss
256 3243 475 3306 legendumne,
494 3244 556 3307 quid
576 3244 647 3292 illurn
684 3244 861 3302 bricirnumb
874 3241 993 3291 Numidis.
1010 3239 1091 3289 Idem.

115 3322 235 3383 moverit,
257 3335 306 3370 nou
330 3321 417 3368 lrcrele
440 3320 571 3382 intelligo:
601 3320 646 3368 sod
719 3319 840 3367 Extollere
849 3318 969 3367 usuum:
985 3317 1077 3380 gratio,
1091 3333 1152 3379 osce,
1162 3317 1216 3382 ipe]

115 3398 291 3448 admonendus
304 3402 361 3444 erst
373 3396 477 3454 Lector,
487 3397 508 3444 si
526 3395 592 3443 l'orte
605 3395 647 3443 slil
684 3394 816 3444 Revoonvi
839 3395 979 3459 posituram
1002 3394 1066 3443 Mus.
1088 3395 1164 3444 codd.
1186 3403 1214 3445 et

116 3473 185 3522 sliud
207 3471 373 3532 succurrerit,
391 3470 460 3534 quod
478 3483 518 3519 me
541 3469 646 3533 sugerit.
684 3473 825 3537 antiquitus
840 3487 970 3522 cesorum:
995 3472 1091 3536 slssque
1103 3471 1141 3520 eis
1152 3470 1215 3522 suis·

114 3548 182 3598 Item
201 3548 297 3599 Badius
315 3562 367 3596 uon
386 3547 423 3596 its
440 3546 647 3608 notioresque
684 3558 734 3610 set,
745 3550 843 3598 lroerere
860 3563 1007 3611 possemus:
1027 3563 1059 3596 su
1072 3563 1122 3596 uon
1135 3549 1214 3598 etism

116 3626 145 3674 L.
159 3624 385 3689 Opimio,curnslii
402 3625 503 3687 lugent:
531 3625 592 3677 Erus
602 3624 646 3671 Ju·
684 3624 909 3688 distinguendum
942 3623 1066 3672 crisim:
1098 3623 1213 3685 uestros,

78 3722 84 3734 ·
114 3701 468 3762 gentumcellensi·
482 3700 565 3749 stoicis
575 3700 646 3748 inlu
682 3699 1011 3761 grotio,sose,rlcrriqrsc‚25c.
1028 3699 1164 3748 Gruterus.

117 3781 184 3831 crois
210 3777 264 3838 ipse
284 3778 311 3825 iss
326 3776 439 3837 inimicis,
459 3790 505 3838 pro
523 3776 549 3823 irs
564 3774 647 3823 omnir
717 3775 766 3824 Suo
784 3777 849 3838 quusi
864 3789 908 3837 pro
929 3774 1008 3835 glorio
1025 3772 1158 3833 nusbotur]
1183 3770 1219 3819 ln

116 3851 191 3914 legit,
202 3852 378 3915 propterillud
389 3858 476 3912 torum,
488 3851 557 3915 quoti
570 3864 647 3912 prox·
684 3851 862 3915 mansueriptis
891 3859 969 3914 atque
995 3850 1056 3900 item
1083 3845 1216 3908 impressis

116 3928 167 3976 inse
178 3928 312 3991 sequltnr3
330 3933 408 3977 tossen
422 3927 598 3978 accuratissime
608 3943 646 3975 us-
684 3929 877 3989 vetustioribus,
887 3927 1032 3986 silebuntur,
1043 3937 1150 3973 nurnero
1162 3921 1216 3985 pln-

116 4003 189 4066 ccpit:
213 4009 241 4049 st
260 4001 338 4050 lubet
359 4016 419 4054 sone
441 4003 495 4051 veri
515 4002 646 4066 speeiem
684 4004 747 4052 rsli:
765 4003 790 4052 id
803 4003 899 4052 rectius
909 4018 965 4050 esse
976 4009 1049 4064 puto.
1069 3996 1163 4046 Rivius.

117 4078 160 4128 sed
172 4079 257 4128 lector
263 4076 377 4141 judicet.
394 4079 533 4130 Gloreosrrs.
716 4078 902 4128 Seloruiendom
908 4070 1218 4134 Aniniolillllnunscrip·

148 4155 332 4216 Sirscdederorc,
350 4155 380 4204 Ρ.
395 4155 424 4204 G.
434 4170 474 4204 ors
490 4171 529 4204 cos
537 4170 581 4218 per
590 4154 646 4204 iiie·
684 4153 949 4217 tornesio-criuntur».
982 4148 1041 4197 ,loru
1058 4151 1162 4193 constit
1178 4145 1216 4197 its

116 4237 239 4297 ruuntque
247 4247 274 4297 p.
283 4229 319 4297 ru]
332 4229 414 4282 Fulvii
426 4230 501 4295 liber,
511 4230 647 4281 strassenr-
683 4229 740 4280 sers
758 4228 877 4290 antiquos
889 4223 960 4288 loqui
977 4220 1075 4280 solitos,
1095 4224 1123 4266 ut
1135 4219 1160 4267 iu
1171 4235 1218 4288 μ.
