3000 5040
243 735 539 852 NOTAE
598 660 1160 850 volumnum
1245 816 1250 826 .

392 1260 1005 1355 DECLAMATIONEM

683 1538 714 1574 nl

347 1751 395 1815 M.
427 1749 680 1815 TULLIUM
717 1744 1054 1814 CICERONEM.

186 2259 348 2308 Andocisat'mo
363 2261 454 2326 colom]
485 2262 578 2312 lotide
589 2262 623 2312 de
633 2277 685 2313 uno
724 2263 921 2327 tyrsaeeuudo:
946 2262 1042 2312 ‘Nunc
1053 2259 1136 2309 Licini
1148 2259 1174 2306 iu
1185 2270 1252 2306 eam.

128 2340 129 2344 ’
156 2333 281 2383 Cicerone
292 2333 319 2382 id
331 2334 404 2385 dicit.
437 2338 539 2387 Badies.
724 2354 778 2402 pos,
800 2353 867 2388 nuuc
890 2339 976 2389 Crassi
999 2336 1080 2386 mittit
1102 2337 1129 2384 in
1151 2332 1253 2384 eedem!

191 2408 239 2457 Uli
256 2410 295 2458 Μ.
314 2410 374 2460 Μ.
390 2412 462 2472 leges,
473 2412 528 2472 jod.
547 2413 685 2476 popali.ll.]
725 2417 799 2465 Idem.

156 2484 246 2547 Populo
256 2485 325 2534 Rom.
346 2486 371 2534 in
389 2486 467 2536 dandi
478 2501 539 2536 eam
555 2488 632 2536 habet
643 2502 685 2537 co·
759 2493 788 2540 la
814 2492 909 2540 cosmo
937 2491 1045 2540 Decium
1077 2485 1256 2549 immorlsliun]

156 2561 206 2611 dex
217 2561 335 2624 Aldiuus,
347 2563 393 2611 sed
403 2571 520 2613 vetustus
528 2564 554 2614 in
566 2564 685 2628 giguendi
726 2568 794 2620 Quia
811 2569 837 2616 in
858 2567 985 2630 plerisque
1002 2565 1167 2615 concionibus
1177 2570 1206 2612 et
1217 2563 1256 2611 in·

157 2636 225 2702 qnod
236 2638 329 2689 malim.
371 2639 439 2688 lllnd
452 2641 685 2702 antemurales,
726 2642 835 2692 vectivis
847 2642 921 2703 dixit,
939 2642 1018 2690 ‘Non
1030 2640 1145 2689 humanis
1155 2638 1257 2702 opibus,

156 2714 224 2776 quod
238 2715 353 2776 proxime
367 2718 492 2779 seqnitur,
510 2717 572 2781 quid
584 2717 632 2766 sibi
645 2733 687 2765 ve·
726 2733 776 2768 uec
794 2725 850 2768 arte
870 2718 992 2780 magistro
1010 2718 1047 2765 ita
1064 2713 1173 2778 reipubl.
1194 2726 1258 2769 com,

158 2789 196 2849 lit,
214 2790 281 2852 apud
300 2805 340 2839 me
360 2805 411 2839 uon
428 2791 565 2840 admodum
584 2793 687 2856 planum
727 2794 884 2858 snitum,sed
896 2790 1171 2847 divinamiseratione.'
1203 2788 1256 2838 sed

157 2871 205 2914 est.
240 2865 310 2914 Glor.
728 2870 760 2919 ad
778 2870 900 2919 invidiam
914 2869 1092 2918 concitandam
1110 2866 1257 2916 omnietta·

191 2942 260 2997 Quod
269 2943 409 2992 collibuisset
419 2943 502 3006 alleri]
518 2945 597 2996 Quasi
608 2944 688 3007 dieat,
728 2948 792 2995 bunt
803 2945 942 2995 adversarii
954 2945 981 2992 in
992 2945 1083 3007 majus.
1116 2944 1191 2991 Idem.

157 3018 228 3066 Puer
245 3021 386 3082 exposuisti
403 3021 552 3083 pudicitiam
565 3030 634 3069 tuam
645 3035 688 3070 cu·
760 3016 1090 3084 Absquecorttificitttomine]
1112 3017 1143 3067 ld
1155 3029 1257 3081 quoque

154 3093 300 3156 Joscunque
313 3093 428 3144 libidini:
450 3095 495 3144 sed
508 3095 625 3144 mirabile
637 3102 688 3156 est,
729 3095 922 3155 contumeliose,
933 3108 991 3143 cum
1007 3094 1050 3141 ille
1068 3091 1179 3152 dixerit;
1203 3092 1258 3139 sine

159 3175 257 3217 tautam
283 3167 431 3218 diffamandi
459 3178 486 3219 et
511 3171 617 3219 taxandi
640 3170 689 3219 viti
728 3172 799 3222 cede
820 3179 847 3221 et
865 3171 989 3233 sanguine
1007 3168 1193 3233 rempublicam
1205 3180 1258 3215 ser·

158 3243 543 3296 consulatislicentiamiuisse.
584 3246 652 3294 Nam
667 3245 688 3294 si
727 3255 821 3296 satam.
855 3247 930 3296 Idem.

159 3320 280 3370 innocens
293 3319 352 3380 fuit,
362 3334 412 3368 uon
430 3319 577 3369 debuerunt
596 3335 626 3369 ea
643 3321 688 3369 im·
762 3325 935 3373 Incommodum
945 3320 1064 3382 ciuitatis]
1082 3319 1112 3368 ld
1125 3316 1221 3365 acriter
1232 3322 1261 3363 et

160 3410 227 3458 pune
238 3397 324 3459 objici,
344 3411 402 3445 cum
414 3397 493 3445 etiam
505 3396 597 3446 famosi
609 3396 689 3445 libelli
729 3399 876 3450 subtiliter:
900 3399 961 3462 quie
971 3399 1028 3446 vult
1046 3396 1079 3443 ob
1099 3390 1260 3440 consulatum

159 3471 216 3532 lege
228 3470 349 3533 prohibiti
361 3479 462 3520 essent:
489 3471 527 3519 sin
544 3469 687 3520 nocensl'u-
732 3475 850 3524 Ciceroni
881 3471 1029 3522 mandatum
1057 3465 1261 3530 conjurationem

160 3545 219 3606 etit,
238 3544 354 3592 mirabile
376 3552 425 3604 est,
446 3544 525 3592 tutem
547 3545 630 3593 vitum
657 3558 696 3593 eo·
731 3547 836 3607 lacum,
863 3553 891 3594 et
916 3557 991 3592 omne
1016 3541 1110 3590 malunt
1134 3539 1261 3590 obortum.

161 3618 293 3682 dignitatis
313 3624 475 3680 promotum:
506 3619 551 3665 sed
574 3633 604 3666 ea
624 3624 689 3667 tent·
733 3622 808 3669 Idem.

161 3700 263 3757 pestate
280 3699 338 3740 etat
356 3704 490 3739 commune
509 3689 690 3740 adolescentiae
766 3697 827 3744 Cum
845 3693 905 3756 legit
920 3692 1038 3754 Plestia]
1070 3691 1186 3753 Pleume,
1204 3705 1263 3742 etun

162 3769 268 3818 vitium:
296 3764 691 3832 quoctduliuaCaesarabont·
730 3787 755 3834 n,
774 3784 824 3820 uon
843 3784 902 3818 enm
921 3769 1082 3832 diphthongo
1101 3766 1264 3818 dehabebat

160 3844 235 3894 nibus
248 3850 350 3892 notatus
362 3848 412 3890 est·
447 3840 510 3889 But!-
730 3846 814 3896 codex
826 3845 936 3895 Aldiuus
947 3844 995 3894 ltoe
1008 3846 1034 3894 iu
1047 3846 1120 3894 loco:
1138 3852 1165 3892 at
1177 3844 1203 3891 iu
1215 3843 1264 3893 c·-

193 3921 278 3968 Pellex
297 3916 392 3978 metris]
426 3914 533 3964 Habent
556 3930 609 3965 retu
631 3931 690 3966 enm
732 3922 804 3971 tiliae
823 3934 882 3970 cunt
897 3919 1066 3983 diphthongo,
1083 3925 1112 3966 ut
1132 3917 1174 3965 ulii
1194 3916 1265 3980 ttort,

161 4004 247 4058 patre,
256 4008 293 4042 sc.
305 3993 439 4054 Cicerone,
449 3999 477 4040 et
497 3992 532 4040 itu
549 3993 623 4056 pellit
640 4008 692 4042 uta·
733 3998 847 4059 Ploueioe,
858 3996 973 4059 legebat.
1009 3994 1129 4043 Diximus
1139 4000 1226 4042 autent
1237 3993 1264 4041 ln

162 4078 228 4117 trem
240 4083 255 4117 ο
266 4068 353 4117 cubili·
390 4068 466 4115 Mem·
734 4074 844 4123 Catilina
857 4071 890 4120 de
906 4071 955 4119 hac
968 4070 1025 4133 lege
1037 4068 1112 4117 nobis
1124 4067 1186 4116 nihil
1198 4067 1264 4117 certi

197 4143 277 4191 Publii
294 4143 388 4205 Crem]
422 4143 540 4191 Hominis
559 4143 692 4194 ditissimi:
733 4157 861 4198 constare.
896 4147 1035 4195 Glareanus.
1244 4157 1245 4160 ’

163 4219 284 4285 adquam
304 4218 397 4268 alludit
414 4219 529 4284 Persius,
546 4220 636 4270 dicens
649 4221 694 4271 Sa·
767 4225 845 4274 Hosto
864 4238 937 4273 sones
956 4223 1062 4286 Arpt'tmt
1079 4237 1110 4270 ex
1126 4222 1164 4270 ol.
1185 4220 1265 4270 Crmtt‘
