3000 5040
475 402 625 452 rancun
650 399 815 449 cartam.
861 401 943 450 oar.
966 386 1022 449 51.
1229 386 1298 457 4⁷1

197 547 287 598 innuit
299 548 324 597 in
341 546 359 598 l.
375 545 439 595 inter
449 545 536 608 atipnl.
545 546 564 606 i.
578 558 688 592 sacrum.
700 550 728 593 ct
766 557 816 592 non
828 557 844 591 a
858 544 947 593 matris
956 544 1058 596 nomine
1073 543 1168 607 adepto
1176 543 1241 607 jum,
1251 542 1297 592 aed

199 625 218 672 l.
231 625 375 673 continuus.
386 624 408 684 i.
420 637 476 670 cum
486 623 549 684 orris.
559 619 585 669 ff.
595 621 636 669 de.
648 622 681 668 V.
695 621 729 669 0.
769 634 825 668 cum
838 636 883 683 spe
894 628 920 669 et
937 621 1019 670 omiuc
1036 636 1096 669 mox
1114 618 1297 682 adipiscendo:

201 699 234 747 In
247 708 366 763 quantum
384 704 470 745 cetera
487 697 631 754 licitarum,
644 697 669 743 id
681 703 731 759 est,
769 697 876 746 undeet
893 698 973 761 iprum
992 697 1177 746 matrimonium
1190 696 1296 746 dicitur.

201 775 377 838 impunitatem
400 772 518 833 babeant,
539 771 591 821 vid.
612 771 688 820 Grot.
712 773 729 821 Ι.
770 776 880 825 Gellius.
907 777 996 825 Festus
1014 776 1062 824 ait:
1087 775 1296 838 ‘niatronmapz

199 861 244 898 nr.
257 853 279 896 t.
290 858 313 895 et
325 854 349 895 b.
363 848 452 910 dejur.
466 848 526 895 bell.
570 862 581 884 ⁴
769 851 902 913 pellebant
926 867 969 899 aaa
989 850 1053 910 fere,
1075 851 1165 915 quibua
1184 850 1296 904 habendi

234 924 420 986 Ropira'rgiaea,
433 938 534 985 pueroa,·
558 924 635 971 diuelli
646 924 731 972 liberor
767 927 847 975 atolas
852 927 896 989 jus
907 934 980 975 crat:
999 934 1026 974 et
1041 927 1296 990 matronaamagia-

196 1005 344 1062 operatum
358 1001 494 1060 complexu:
518 1004 606 1046 matres
619 998 728 1057 familio-
768 1003 878 1050 tratibus
894 1016 945 1051 non
963 1003 1188 1063 summovebantur,
1198 1016 1229 1050 ne
1241 1001 1296 1066 pul·

194 1091 248 1124 rum
268 1076 320 1137 poti
342 1091 396 1136 qun
416 1074 545 1122 uictoribua
563 1073 729 1136 codibuiaaent]
764 1077 824 1136 rari,
836 1077 1046 1140 contrectatique
1064 1075 1297 1135 viderentur,ueve

194 1154 239 1202 Sic
251 1155 345 1203 Cicero
360 1154 431 1202 Fam.
450 1153 466 1202 l.
484 1168 510 1202 v.
530 1155 579 1215 Ep.
600 1158 638 1202 10.
663 1155 728 1201 ‘Tot
764 1151 878 1214 gravida
890 1159 1104 1200 concuterentur.
1127 1150 1180 1198 Sed
1192 1164 1239 1198 nec
1251 1149 1298 1197 viri

161 1220 164 1224 ⁴
196 1228 331 1290 ingenuos,
357 1225 576 1278 uratreat'amiliaa'
621 1229 655 1276 Et
672 1242 729 1276 ora·
764 1241 860 1287 earum,
872 1227 995 1275 sedentes
1010 1241 1068 1275 cum
1086 1224 1209 1273 uxoribua
1220 1224 1245 1273 in
1259 1238 1300 1271 ve-

198 1305 269 1352 tione
292 1317 333 1352 ur.
352 1305 377 1351 iu
401 1305 555 1353 Antonium:
572 1302 729 1354 ‘Matreafn
764 1302 858 1363 hinnio,
870 1300 1031 1350 descendere
1042 1299 1219 1364 cogebantur)
1236 1298 1298 1347 Zon-

136 1380 139 1384 ’
196 1381 289 1440 miliae,
307 1382 429 1441 virginea,
449 1382 522 1443 pueri
542 1381 645 1444 ingenui
662 1380 729 1428 abri-
764 1378 839 1427 citior.

195 1456 318 1519 pientur!
336 1456 367 1503 ln
378 1459 487 1505 Verrem
497 1472 614 1520 qnoque:
630 1458 638 1484 ‘
651 1458 730 1505 Mitto
799 1453 926 1518 comptem]
942 1452 1052 1502 Variant
1064 1451 1105 1498 bic
1117 1455 1220 1498 veteres
1230 1449 1299 1509 libri,

196 1532 338 1581 adhibitam
355 1534 406 1581 vim
424 1533 552 1595 ingenuis,
564 1531 731 1580 matresfami·
766 1545 824 1579 cum
836 1532 872 1579 sic
885 1528 1158 1591 nonnulli‚aliiimpleri
1169 1526 1296 1575 babeant:

198 1610 248 1657 liaa
259 1610 384 1657 violatae!
403 1609 536 1657 Manutius.
767 1612 796 1653 et
807 1620 950 1668 quanquam
959 1605 1026 1652 idem
1038 1610 1078 1653 est
1089 1602 1227 1666 utrobique
1239 1615 1297 1650 aen·

233 1683 483 1746 blctrersomiliorum]
504 1683 619 1731 Auctore
637 1682 731 1731 Bo'etio
769 1695 820 1741 aus,
838 1680 907 1743 prior
925 1689 1011 1729 tamen
1027 1680 1105 1728 lectio
1119 1679 1216 1727 verior:
1234 1692 1296 1728 nam

198 1758 267 1807 libro
279 1760 526 1807 Commentariorum
536 1758 562 1804 in
578 1758 679 1820 Topica
691 1758 732 1805 Ci·
768 1755 795 1803 in
815 1754 982 1816 iugurthino:
1010 1754 1114 1802 ‘Luctu
1130 1760 1207 1816 atquc
1224 1752 1296 1802 caede

198 1840 305 1887 ceronio
327 1837 449 1897 secundo,
466 1835 550 1884 tribua
568 1836 650 1883 modia
670 1850 733 1883 uxor
768 1831 854 1880 omnia
867 1829 1046 1894 complentur!
1078 1831 1114 1878 D.
1133 1829 1296 1893 quoqueAu·

199 1912 362 1962 habebatur:
381 1927 436 1973 utu,
455 1910 533 1973 farre,
551 1910 730 1972 coemptione:
769 1908 896 1972 guntinus,
907 1907 973 1956 libro
984 1906 1067 1970 primo
1077 1905 1110 1954 de
1124 1905 1234 1954 Ciuitate
1244 1904 1295 1953 Dei

197 1988 245 2038 aed
274 1986 448 2037 confarreatio
469 1987 530 2035 solia
558 1985 730 2035 Pontificibus
767 1983 800 2032 ud
813 1984 974 2044 Marcellum,
993 1981 1116 2044 Gomphi,
1133 1979 1298 2044 nonsslaaneri

195 2064 378 2112 conveniebat.
412 2064 475 2112 Quae
484 2070 569 2111 nutem
582 2063 607 2110 in
619 2063 668 2110 viri
677 2077 728 2110 ma·
764 2059 836 2123 tegit.
853 2061 953 2123 Popma.

196 2154 257 2188 num
280 2139 449 2202 ¹coemptione
474 2144 657 2200 convenerant,
686 2139 725 2186 bae
795 2137 891 2186 Scilicet
911 2153 980 2201 quem
1007 2151 1044 2185 rea
1062 2141 1131 2186 tauta
1152 2138 1223 2196 utam
1245 2137 1297 2181 tona
1387 2194 1390 2199 Ι

196 2213 399 2263 matresfamilias
412 2214 587 2263 vocabantur:
613 2228 725 2279 qurere-
762 2219 890 2263 otroanon
907 2215 1095 2277 perurorit‚eum
1104 2210 1181 2258 oratio
1192 2209 1299 2256 accende·

195 2303 224 2338 ro
236 2305 283 2338 usu
294 2291 335 2338 vel
354 2289 431 2351 farre,
449 2291 571 2339 minime:
596 2290 726 2352 coemptio
762 2291 812 2351 ret]
830 2290 862 2337 ln
872 2287 1118 2352 vetuatia‚ucceudet.
1131 2279 1261 2347 quomodo
1273 2288 1300 2330 et

194 2381 258 2414 uero
276 2368 354 2415 certia
372 2367 566 2416 solennitatibus
585 2365 728 2427 perageba·
765 2364 910 2412 Badiannm
938 2363 1080 2425 exemplar.
1125 2355 1298 2409 Quoddame

196 2450 257 2491 tur:
284 2449 313 2491 ut
327 2456 381 2490 aeae
398 2443 424 2490 in
441 2439 729 2490 communicandolnvi·
767 2439 962 2503 manuscriptis,
980 2440 1098 2499 moendot,
1119 2443 1149 2485 ut
1174 2434 1299 2491 luminis

197 2533 256 2566 cem
276 2517 473 2579 interrogarent.
505 2516 555 2563 Vir
570 2515 617 2573 ita,
631 2512 730 2561 Annibi
769 2520 888 2576 ponatur,
899 2527 944 2562 aen
956 2513 1033 2561 modo
1049 2511 1194 2574 potentiali,
1212 2518 1241 2559 nt
1254 2524 1297 2559 vo·

198 2595 292 2643 mulier
303 2591 497 2642 materfamiliae
509 2578 567 2640 e'sse
579 2591 674 2639 vellet?
693 2604 731 2637 re·
769 2597 841 2650 cant,
853 2603 901 2650 pro
912 2589 1036 2636 accendere
1044 2587 1125 2650 ponit.
1145 2586 1243 2634 Rivius.

197 2669 352 2733 spondebat,
371 2669 446 2716 relic.
480 2668 573 2732 ltaque
594 2667 686 2714 mulier
704 2665 731 2713 in
801 2665 837 2712 D.
848 2663 957 2712 Sitonum
976 2662 1148 2721 cirumsortem
1158 2665 1229 2724 atque
1238 2665 1298 2711 atre·

197 2744 246 2792 riri
257 2759 358 2793 manum
370 2744 552 2804 contremebat,
567 2749 593 2790 et
605 2741 730 2790 vocaban·
766 2755 847 2800 auum,
873 2745 937 2787 certe
954 2740 1011 2801 acio,
1028 2754 1080 2802 quc
1100 2738 1200 2799 dicerit,
1218 2739 1297 2797 dudio

197 2827 240 2869 tur
251 2822 291 2868 lue
307 2819 404 2883 nuptia·
417 2834 463 2882 per
479 2818 681 2882 coemptionem:
700 2822 729 2864 et
764 2816 823 2877 reip.
834 2815 934 2879 dirime]
960 2816 1087 2864 Votumen
1107 2815 1298 2876 Fabricianum,

196 2904 251 2947 erat
261 2893 522 2945 muliermaterfamil.
531 2895 585 2942 viro
593 2894 649 2942 loco
657 2892 728 2943 fitia.
764 2890 895 2951 certunm,
905 2890 1032 2954 quomodo
1044 2897 1072 2938 et
1083 2890 1176 2938 Cicero
1187 2891 1244 2952 ipse
1259 2890 1297 2937 lo·

198 2975 280 3025 Quam
292 2972 474 3021 solennitatem
492 2971 516 3018 in
535 2970 587 3017 auia
602 2967 728 3017 institutit
765 2970 862 3033 quitur.
883 2982 942 3016 nam
962 2968 984 3015 ia
1004 2968 1037 3026 τῷ
1058 2972 1120 3014 certo
1137 2964 1193 3012 t'ere
1209 2964 1299 3025 utitur,

199 3049 327 3110 Ulpianus
346 3049 436 3110 ponit:
465 3062 499 3095 cx
517 3046 643 3094 sententia
663 3058 728 3093 vero
765 3044 866 3108 quoties
878 3044 941 3107 quid
952 3039 1171 3090 sinedubioacire
1184 3052 1212 3086 se
1223 3036 1300 3100 rigni·

200 3121 489 3181 (inhumanationes
498 3122 679 3183 appellatacat
688 3134 729 3181 ea,
764 3118 836 3168 licat.
854 3120 929 3168 Idem.

199 3213 259 3263 quae
273 3199 298 3245 in
311 3198 394 3246 mariti
410 3211 486 3245 manu
502 3197 680 3259 mancipioque
691 3212 727 3244 ea·
803 3195 888 3246 Verum
895 3193 1013 3242 oententia
1023 3191 1230 3252 ejusnencidctur
1240 3190 1299 3240 milti

198 3281 251 3337 aet,
261 3274 364 3338 quando
377 3288 427 3321 non
442 3275 467 3319 in
481 3273 663 3320 matrimonium
675 3279 729 3320 tan·
766 3273 867 3321 crudelia
875 3272 891 3332 (
893 3271 950 3333 quid
960 3269 1021 3318 mim
1032 3268 1126 3318 uetula
1134 3267 1237 3316 homines
1245 3283 1297 3317 cru·

199 3358 264 3410 tum,
277 3351 321 3399 aed
334 3349 359 3398 in
378 3347 500 3397 l'amrlium
517 3361 618 3412 qnoque
637 3347 729 3409 mariti,
764 3351 815 3398 dele
822 3348 883 3413 fleri
891 3343 1004 3410 puteali)
1019 3348 1059 3394 red
1068 3346 1145 3394 niuno
1154 3361 1169 3394 α
1179 3361 1228 3410 rep.
1245 3361 1297 3395 noa·

197 3427 263 3476 etin
276 3428 316 3474 aui
328 3424 430 3473 laen-dra
442 3426 523 3473 locum
537 3423 652 3470 retituet.
678 3423 730 3469 Ma·
765 3433 803 3476 tro
814 3424 919 3487 ridetur]
942 3425 1130 3487 Marruscripta,
1145 3423 1231 3472 Verum
1246 3437 1298 3472 aea·

199 3501 411 3553 terfamitiaanon
424 3511 484 3549 aute
496 3501 641 3556 dicebatur,
655 3512 727 3561 «ruam
765 3506 841 3553 amm
860 3504 907 3562 eju
927 3501 986 3551 mibi
1007 3517 1051 3548 non
1072 3501 1183 3559 audatia,
1203 3499 1297 3547 omisso

197 3579 236 3627 vir
256 3582 313 3642 ritu
337 3576 526 3640 patertiamilias
550 3576 598 3624 hoc
628 3575 729 3622 nomine
766 3579 1019 3636 eerboilloridetur:
1044 3576 1069 3623 id
1087 3574 1156 3639 quod
1176 3571 1297 3622 brevitati

197 3653 378 3705 dletnaeaaet:
398 3668 446 3702 uec
466 3651 729 3715 poaauntplureaboc
766 3656 926 3704 Sallustianae
960 3655 1041 3714 magia
1069 3652 1206 3699 conuenit:
1237 3663 1296 3705 nam

198 3732 300 3778 nomine
319 3733 343 3777 in
361 3745 411 3778 uua
427 3728 527 3777 familia
543 3736 638 3791 prater
653 3741 728 3775 unam
767 3739 857 3794 postea
866 3727 896 3777 ri
906 3730 1001 3778 ridetur
1012 3726 1136 3791 sequitur.
1155 3726 1230 3776 Idem.

198 3807 342 3868 appellari:
369 3807 414 3854 aed
430 3820 478 3854 nec
496 3803 580 3853 vidua.
602 3818 650 3853 nec
665 3818 727 3868 nure
799 3807 917 3856 Alienon
942 3803 1014 3866 Rau]
1049 3804 1161 3854 Crimina
1181 3811 1298 3849 nonnun-

198 3880 254 3930 ainc
266 3878 325 3927 titiia
336 3882 458 3941 appellari
473 3887 569 3943 potest.
587 3880 657 3927 Fert.
675 3880 729 3926 itta·
766 3896 841 3947 quam
862 3878 987 3941 impunita
1005 3892 1107 3928 manere
1126 3878 1206 3938 ipatus
1223 3869 1299 3932 Reip.

198 3964 275 4006 “⁰¹¹⁸
288 3968 359 4014 Μῦν
377 3965 405 4003 ¹¹¹
422 3957 504 4004 ⁰⁶1¹&
522 3963 549 4004 el
565 3956 591 4004 id
604 3954 729 4016 dicamne,
767 3960 892 4014 inteream
911 3956 990 4020 majus
1001 3952 1138 4019 aliquando
1154 3945 1299 4010 periculum

197 4032 267 4082 dicta
285 4042 337 4091 eu,
350 4045 408 4094 ιμιω.
426 4032 450 4077 in
468 4031 653 4080 matrimonium
668 4045 728 4080 cnm
766 4034 792 4084 in
802 4048 888 4098 prena,
899 4047 976 4096 quam
986 4031 1012 4080 in
1024 4029 1138 4079 crimine.
1174 4023 1300 4080 Sul’fema

199 4110 253 4158 riro
272 4110 447 4166 convenisset,
464 4108 547 4172 quoad
559 4111 583 4157 in
598 4111 729 4158 comatri-
765 4111 856 4160 talum
869 4109 979 4169 pubrtca·
1001 4107 1043 4153 Ιρχ
1062 4113 1118 4148 aare
1130 4098 1217 4140 debet.
1246 4094 1302 4144 Na.

200 4198 282 4233 monio
302 4196 427 4246 manent,
450 4185 551 4234 etiamsi
579 4185 628 4234 tibi
653 4183 729 4234 lineri
767 4200 808 4234 mo
826 4169 1297 4236 membraurlr,recut‚utperuicietn

198 4259 311 4312 nondun
331 4262 387 4312 nati
408 4259 513 4314 forent:
541 4260 665 4330 dictaque
686 4264 731 4309 eat
767 4259 817 4312 toti
827 4254 931 4319 corpori
941 4249 1045 4319 inferat.
1061 4244 1140 4296 Multi
1150 4245 1232 4319 morbi
1243 4246 1299 4318 qnly
