3000 5040
432 407 582 455 uuuuun
606 402 793 455 secuerit.
816 373 898 454 car.
919 391 975 457 tit.
1199 393 1265 458 dtu

158 562 242 596 mssm.
274 547 377 612 ltsper
395 549 554 613 absynthium
575 549 690 613 depastis
728 550 835 598 Tacitus
854 547 1028 598 locutusl.rt.
1060 548 1134 598 ‘Per
1151 546 1262 612 ocmtss',

163 623 358 672 amaritudinem
390 626 508 673 residunt.
550 627 584 674 Et
614 632 692 687 prout
729 626 885 688 etvtgitibus
904 625 1017 688 ignara?
1045 628 1100 675 etl.
1113 640 1155 675 trs.
1181 625 1262 685 ‘Non

162 706 253 761 pistus
271 708 319 760 est,
335 702 546 749 commendantur
564 702 604 749 vel
616 702 692 749 viles·
729 702 778 750 sibi
789 702 891 765 quidem
901 704 992 764 ignerat
1001 718 1058 767 ques
1068 693 1265 766 irrigabantur?

162 782 235 823 cunt.
269 777 349 826 Nobis
370 779 473 826 liatuvis
492 792 542 826 oon
564 776 693 839 contingit
730 779 786 827 etl.
799 790 849 827 xis.
871 778 963 827 ‘Nihil
975 785 1025 826 tam
1037 778 1151 838 ignarum
1163 776 1263 827 Burbu·

164 860 283 900 essetnus
302 853 428 902 delicatis.
463 856 527 902 Cum
547 860 631 902 autern
651 853 692 900 liic
731 855 774 916 ris,
786 869 861 918 quarn
873 854 1087 913 machinamenta,
1099 863 1125 902 et
1136 861 1206 902 astus
1216 867 1262 918 op·

163 927 693 990 superinsAt'ricanascochleasconimcn·
730 929 937 994 pugnationemz’
965 936 994 978 et
1014 930 1081 978 idem
1107 931 1259 980 Sallustius:

163 1002 209 1050 det
229 1003 403 1064 Dioscorides,
428 1005 584 1053 nonmirnru
602 1012 643 1054 cst
660 1004 692 1053 ad
729 1007 833 1068 ‘Regio
864 1005 982 1054 hostibus
1016 1005 1122 1070 ignore!
1167 1007 1264 1059 Gnatus

158 1077 268 1128 ,deliciis
278 1082 347 1143 gulae
361 1088 432 1130 tantu
443 1095 502 1130 cum
519 1081 606 1131 studio
617 1082 694 1130 colle·
731 1083 802 1143 itcns,
814 1097 860 1145 pro
878 1083 994 1145 cognitus,
1013 1083 1080 1145 apud
1093 1083 1201 1131 euudeui
1212 1084 1262 1133 rs·

163 1152 231 1215 gisae
242 1157 359 1205 militem.
730 1158 825 1207 citum:
853 1161 861 1188 ‘
874 1157 958 1221 quue
976 1160 1039 1207 nulli
1057 1161 1137 1222 magis
1148 1175 1263 1222 guarum,

198 1230 316 1279 Husnnnu
329 1233 458 1296 cupidinis]
483 1234 695 1286 Haecestincor-
731 1250 807 1298 qurum
822 1235 918 1283 Neroni
929 1235 945 1283 ι’
969 1234 1262 1298 et,‘Camposmeden-

166 1315 242 1367 rupte
252 1316 278 1357 et
297 1319 357 1357 veta
378 1311 465 1373 lectio,
476 1326 550 1375 quam
563 1326 595 1361 ex
608 1312 695 1361 Gellio
732 1318 780 1370 tes,
789 1320 816 1358 ct
829 1310 889 1372 ipsis
901 1310 1013 1373 gnaros!
1031 1312 1168 1360 Manutius.

164 1383 233 1431 tux.
250 1398 273 1433 c.
293 1388 333 1434 lu.
360 1393 388 1433 ct
412 1385 496 1437 Nonio
526 1388 695 1451 reposuimus,
765 1390 834 1436 More
844 1388 940 1436 lumeni
951 1389 1042 1450 ingenii
1052 1389 1146 1453 cupido]
1165 1390 1264 1439 Locum

164 1473 223 1509 cum
243 1467 320 1508 untes
340 1462 487 1523 legeretur:
517 1463 586 1511 More
603 1463 695 1525 ingenii
732 1472 881 1527 corrirptum
904 1472 1015 1513 testetur
1044 1466 1112 1514 Nun.
1145 1466 1264 1516 Marcell.

163 1533 260 1584 iunoni
278 1538 362 1599 cupido
378 1540 484 1603 difficilis
493 1539 617 1596 faciundi:
644 1541 694 1588 etsi
733 1541 775 1604 qui
789 1543 825 1589 sic
837 1543 902 1591 citat
913 1542 947 1604 iu,
958 1542 1099 1602 ignnrum‘
1113 1542 1208 1590 Amore
1220 1541 1265 1592 itu-

167 1612 266 1660 Nonius
278 1613 303 1661 in
314 1614 430 1663 dictione
439 1617 567 1679 (ignarus)
576 1617 620 1665 ubi
630 1617 696 1667 citat
733 1632 815 1665 manue
827 1618 976 1680 cupiditatis
988 1619 1076 1681 ignara
1087 1617 1206 1666 visundi!
1229 1618 1264 1668 at

166 1687 232 1736 huuc
247 1690 340 1747 locuni,
354 1706 400 1751 pso
418 1693 496 1752 More,
513 1694 576 1756 legit
593 1697 696 1744 Amore.-
734 1690 819 1755 Agell.
836 1693 904 1741 l.1x.
923 1707 946 1742 c.
959 1697 999 1741 13.
1032 1694 1129 1742 ‘More
1148 1694 1264 1743 humum

165 1772 195 1812 et
207 1779 254 1826 pro
268 1766 400 1826 Cupidinis,
411 1768 565 1829 cupiditatis.
582 1771 654 1818 Cast.
733 1769 860 1830 cupidinis
877 1769 967 1832 ignara
988 1769 1089 1817 visundi
1099 1770 1113 1816 :’
1139 1777 1167 1817 ct
1184 1768 1265 1832 expli·

164 1871 168 1880 ·
199 1843 269 1890 More
291 1842 398 1890 lismonte
418 1844 537 1906 cupidinis
557 1845 644 1906 ignaro
662 1847 696 1894 ui·
734 1846 882 1906 catignano
899 1845 930 1892 τὰ
950 1843 1068 1905 ἄγνωστα.
1101 1845 1152 1893 Sed
1168 1845 1266 1894 Nonius

165 1918 246 1976 eundi,
262 1919 367 1966 oninium
392 1920 477 1982 uertit]
510 1921 574 1969 Mus.
594 1930 697 1983 cuncte,
734 1930 871 1984 corruptus
883 1922 1089 1986 est,apudquem
1099 1922 1156 1984 lege
1168 1936 1199 1969 es
1212 1921 1264 1972 Mt.

166 1995 268 2043 animun
302 1996 386 2043 conis:
422 2011 474 2059 quo
505 1997 581 2046 niodo
612 2012 697 2046 exem·
732 1998 922 2059 nunccupidinis
939 1998 1059 2047 inmane:
1083 2005 1111 2046 et
1127 1997 1266 2047 lectionem

163 2073 223 2134 plur
245 2087 347 2136 quioquc
376 2074 569 2122 Beroaldinum.
611 2075 696 2138 Vulgo
734 2088 819 2122 veram
836 2074 904 2137 apud
915 2074 1064 2123 Sallustium
1078 2087 1193 2137 repone:
1219 2072 1268 2123 Udi

166 2148 341 2196 animaduertit.
376 2150 697 2214 Nouiuslrlarcellus‚quo
731 2155 856 2212 postquem
876 2151 1025 2199 solitudinem
1050 2149 1177 2211 intellexit,
1203 2164 1267 2198 mors

165 2224 222 2274 loeo
242 2227 352 2285 ignorum
370 2242 428 2276 esse
451 2228 515 2276 dicit
530 2235 558 2277 et
577 2229 620 2292 qui
642 2243 697 2277 nes·
733 2227 841 2274 inmense
858 2228 974 2289 cupidinis
992 2228 1078 2287 ignora
1099 2227 1202 2286 risendi,
1215 2224 1267 2273 cni·

166 2300 206 2348 cit
245 2310 273 2350 ct
304 2303 344 2351 cui
375 2304 438 2367 qnid
469 2305 503 2352 sit
531 2305 698 2367 incognitum,
734 2305 888 2352 munsoortil.
912 2301 1268 2367 OptimalocutioetSsllus·

167 2376 283 2426 ituhunc
302 2380 384 2427 lucram
404 2381 485 2428 citat:
513 2382 580 2427 lllore
591 2382 699 2428 tumuisse
737 2379 818 2427 tiana:
845 2380 969 2442 sulpitius
980 2386 1066 2427 terrica
1081 2379 1192 2426 Severus
1204 2375 1271 2426 Cris·

165 2453 284 2515 cupidinis
294 2455 380 2513 ι’ῃατσι
398 2456 508 2503 visundi:
530 2471 591 2517 pro,
610 2457 700 2518 ignota
738 2454 775 2515 pi,
787 2461 910 2516 natantum
928 2462 1043 2517 ternpore
1062 2462 1089 2502 ct
1101 2461 1164 2502 utus
1176 2449 1268 2502 illuse-

169 2529 322 2592 exploruudi
340 2530 549 2592 etinspiciundi.
583 2533 650 2580 Num
661 2549 700 2582 en-
738 2530 822 2591 rebat,
836 2531 952 2579 aemulus:
979 2532 1048 2579 ‘His
1071 2545 1141 2579 more
1164 2529 1266 2579 humani

164 2606 265 2670 pidinis,
282 2621 330 2669 pro
349 2607 489 2668 eupiidilutis
508 2607 582 2671 dixit,
593 2615 622 2656 ut
638 2609 701 2658 alios
738 2606 833 2668 ingenii
851 2605 1067 2656 constituuntur
1093 2608 1128 2654 Et
1144 2606 1223 2669 Apul.
1241 2605 1270 2655 in

168 2696 248 2744 stupe.
278 2682 352 2729 lianc
364 2683 501 2731 lectionem
514 2684 592 2745 magis
603 2684 701 2734 adscn-
739 2682 834 2731 Florid.
868 2681 997 2745 ‘Propius
1011 2683 1132 2745 accessit,
1150 2690 1178 2732 ut
1189 2681 1269 2733 etism

168 2758 699 2822 suusSallustiiqnadruresuspicor.Nasu
738 2764 907 2822 cognosceret
935 2772 1006 2808 more
1037 2760 1140 2808 hamoni
1173 2758 1271 2823 ingenii

167 2832 247 2882 habet
258 2833 348 2882 eodem
369 2833 445 2882 modo
457 2834 557 2883 Gellius
571 2850 672 2899 qnoque
685 2838 700 2885 Ι.
738 2836 854 2900 quisnam
867 2836 955 2884 essct!
978 2835 1086 2886 Petron.
1103 2838 1110 2864 ‘
1123 2836 1195 2885 Vitio
1207 2846 1269 2899 gen·

173 2923 210 2960 rx.
228 2924 251 2958 c.
271 2915 311 2958 12.
332 2925 383 2973 quo
404 2912 461 2959 loco
484 2919 511 2959 et
534 2911 590 2973 ipse
612 2912 700 2972 docet,
737 2914 772 2962 tis
782 2913 898 2962 humanae
918 2913 1051 2974 concupiit
1068 2913 1134 2960 scire
1153 2911 1209 2975 quis
1224 2915 1271 2961 sut

168 2988 279 3049 ignium
298 2997 456 3038 utrovcrsuns
477 2990 538 3047 dici,
550 3005 601 3039 uon
619 2992 699 3039 solutu
738 2990 859 3055 quidnam
871 2987 988 3036 fuceret?
1006 2988 1143 3035 Petronius.

167 3063 214 3126 qui
226 3064 396 3125 ignoret,sed
407 3073 434 3113 et
445 3066 488 3128 qni
500 3066 643 3126 ignoretur.
669 3066 700 3114 ld
773 3066 869 3112 Castelli
891 3063 1018 3126 planiciem
1045 3058 1184 3123 perscribit]
1217 3058 1271 3109 Atti

171 3151 233 3185 uero
246 3139 283 3185 sic
300 3154 328 3186 sc
347 3139 452 3200 habere,
469 3155 527 3188 cum
539 3156 572 3189 ex
584 3142 632 3190 lioc
645 3142 701 3204 ipso
739 3139 809 3200 libri,
820 3139 934 3201 peruenit.
953 3136 1115 3185 ciacconius.

169 3223 288 3273 auctore,
301 3222 397 3262 utctsm
410 3216 455 3276 ait,
474 3218 481 3243 ‘
498 3218 702 3266 l’raeteruomeu
774 3214 871 3262 castelli
893 3212 1017 3276 planitiem
1034 3210 1179 3274 prescribit]
1212 3210 1270 3260 Μι-

171 3296 261 3339 csters
273 3291 375 3353 ignauis
386 3293 479 3354 populo
492 3293 609 3341 Romano
618 3294 633 3341 ι’
648 3301 702 3343 turn
740 3290 874 3352 suscripta
885 3290 946 3349 duo,
960 3286 1094 3351 perscribit.
1127 3285 1273 3352 Quomodo,

171 3380 205 3414 ex
217 3367 274 3415 aliis
286 3367 364 3415 etiam
377 3368 467 3431 liquet.
488 3368 612 3417 Tacitus:
630 3371 703 3420 ‘Per
741 3377 869 3418 etsensus
886 3365 1008 3430 postulat·
1036 3366 1117 3414 Error
1135 3378 1168 3414 ex
1188 3361 1271 3414 affini·

171 3443 276 3491 occulta
294 3451 322 3491 et
342 3442 461 3506 uigilibus
484 3444 588 3506 ignaru?
612 3446 702 3496 Ideni:
742 3451 795 3493 tate
806 3459 897 3492 vocum
909 3449 988 3492 ortus.
1005 3441 1100 3490 Rivius.

171 3519 264 3569 ‘Nihil
278 3528 330 3568 tam
348 3521 464 3581 ignarum
479 3520 609 3582 Barbaris,
626 3536 702 3584 quum
774 3521 862 3569 Eodem
869 3517 1017 3582 regreditur]
1033 3517 1273 3580 naunotonensi·

172 3596 379 3644 msclriuumeuta
396 3605 424 3642 et
440 3603 512 3643 sstus
533 3599 704 3660 oppugnstio·
739 3600 807 3647 dens:
831 3609 925 3659 nempe
943 3608 993 3658 qus
1012 3593 1082 3655 prius
1101 3606 1217 3656 egressus
1236 3591 1270 3642 sd

173 3672 247 3720 uem!
280 3674 386 3733 Contra,
401 3687 512 3734 gnum,
529 3688 576 3737 pro
598 3676 702 3736 cognito
741 3687 864 3723 summum
875 3685 956 3735 prope
967 3669 1061 3717 montis
1070 3674 1136 3716 erat.
1153 3667 1228 3716 Idem.
1259 3684 1263 3697 ·

174 3747 242 3809 apud
265 3748 384 3797 eundem.
417 3748 522 3813 ‘quue
539 3751 601 3818 nulii
623 3753 703 3814 magis
775 3750 864 3797 Eodem
874 3745 1020 3807 regreditur]
1045 3745 1128 3807 Lego;
1144 3743 1272 3793 Menida-

169 3822 299 3885 gnarumss
311 3824 404 3887 inquit,
415 3826 423 3853 ⁴
436 3841 513 3889 quiam
526 3827 623 3875 Neroni
633 3827 649 3886 ς’
666 3837 703 3888 et,
739 3828 858 3888 preditus.
875 3822 1031 3871 Gronovius.

175 3900 308 3962 ‘Campos
325 3902 456 3950 suadentes
476 3911 504 3951 et
522 3904 583 3966 ipsis
595 3904 703 3966 guaros,'
775 3902 935 3956 lienteum,
953 3895 1147 3957 disscindunt]
1182 3893 1273 3943 Mittit·

174 3991 224 4040 pro
236 3977 369 4040 Cognitos.
387 3979 479 4028 Rivius.
741 3979 867 4042 scriptum
879 3973 1207 4038 Febricitpuunndmt.
1223 3969 1274 4020 Vc·

161 4069 163 4074 ·
208 4053 396 4102 Moreiumonoe
405 4055 616 4117 cupidinisignoru
627 4057 705 4106 uisun-
742 4070 799 4107 rum
816 4055 886 4119 prior
903 4053 980 4103 lectio
992 4052 1054 4101 mihi
1074 4048 1153 4109 magis
1164 4044 1271 4111 arridet,

172 4128 214 4191 dil
240 4128 303 4188 Pro,
317 4128 410 4176 visundi
429 4144 465 4190 eu,
480 4145 533 4192 quoe
550 4133 706 4192 tgmrmw
743 4142 771 4183 et
791 4131 899 4180 eandem
917 4142 1004 4177 sensus
1016 4125 1147 4187 exposcit:
1175 4135 1228 4172 nott
1243 4128 1274 4174 st

171 4205 212 4254 sic
231 4206 331 4255 Gellius
344 4206 361 4253 l.
374 4219 414 4254 rx.
427 4220 452 4254 c.
465 4208 505 4255 12.
521 4213 549 4256 et
565 4208 663 4258 Nouius
680 4210 706 4257 lu
745 4218 842 4260 temere
863 4202 1023 4264 ascenderat,
1033 4201 1069 4249 sic
1083 4199 1162 4248 etium
1174 4204 1272 4251 tenore

177 4281 258 4332 serbo
280 4281 386 4344 lpidus
407 4281 509 4335 recitat.
552 4284 708 4336 Quomodo
744 4279 901 4339 deseendit3
930 4275 987 4341 scd,
1008 4275 1046 4326 uti
1064 4290 1124 4327 mex
1143 4275 1270 4344 uqstier,
