<?xml version="1.0" encoding="UTF-8"?>
<!DOCTYPE html PUBLIC "-//W3C//DTD XHTML 1.0 Transitional//EN"
    "http://www.w3.org/TR/xhtml1/DTD/xhtml1-transitional.dtd">
<html xmlns="http://www.w3.org/1999/xhtml" xml:lang="en" lang="en">
 <head>
  <title>
</title>
<meta http-equiv="Content-Type" content="text/html;charset=utf-8" />
  <meta name='ocr-system' content='tesseract 3.04.00' />
  <meta name='ocr-capabilities' content='ocr_page ocr_carea ocr_par ocr_line ocrx_word'/>
</head>
<body>
  <div class='ocr_page' id='page_1' title='image "./ccrispisallusti00sallgoog_0252.png"; bbox 0 0 2994 5040; ppageno 0'>
   <div class='ocr_carea' id='block_1_1' title="bbox 254 315 1005 405">
    <p class='ocr_par' dir='ltr' id='par_1_1' title="bbox 254 315 1005 405">
     <span class='ocr_line' id='line_1_1' title="bbox 254 315 1005 405; baseline -0.003 0"><span class='ocrx_word' id='word_1_1' title='bbox 254 315 320 405; x_wconf 58' lang='lat'>6⁴8</span> <span class='ocrx_word' id='word_1_2' title='bbox 564 380 569 390; x_wconf 94' lang='lat'><em>·</em></span> <span class='ocrx_word' id='word_1_3' title='bbox 595 355 717 405; x_wconf 58' lang='grc' dir='ltr'>Λ1101111</span> <span class='ocrx_word' id='word_1_4' title='bbox 738 354 939 403; x_wconf 74' lang='lat' dir='ltr'>venturust</span> <span class='ocrx_word' id='word_1_5' title='bbox 964 352 1005 403; x_wconf 84' lang='lat' dir='ltr'>itt</span> 
     </span>
    </p>
   </div>
   <div class='ocr_carea' id='block_1_2' title="bbox 243 495 1367 4217">
    <p class='ocr_par' dir='ltr' id='par_1_2' title="bbox 243 495 1367 4217">
     <span class='ocr_line' id='line_1_2' title="bbox 252 495 1354 563; baseline -0.003 -15"><span class='ocrx_word' id='word_1_6' title='bbox 252 497 347 563; x_wconf 84' lang='lat' dir='ltr'>lnquit,</span> <span class='ocrx_word' id='word_1_7' title='bbox 369 501 376 526; x_wconf 83' lang='lat'>‘</span> <span class='ocrx_word' id='word_1_8' title='bbox 390 497 496 561; x_wconf 78' lang='lat' dir='ltr'>reliqua</span> <span class='ocrx_word' id='word_1_9' title='bbox 516 496 598 559; x_wconf 78' lang='lat' dir='ltr'>copie</span> <span class='ocrx_word' id='word_1_10' title='bbox 619 495 716 559; x_wconf 82' lang='lat' dir='ltr'>forent,</span> <span class='ocrx_word' id='word_1_11' title='bbox 738 496 784 546; x_wconf 79' lang='lat' dir='ltr'>nisi</span> <span class='ocrx_word' id='word_1_12' title='bbox 824 497 886 546; x_wconf 90' lang='lat' dir='ltr'>tudo</span> <span class='ocrx_word' id='word_1_13' title='bbox 897 498 1041 560; x_wconf 79' lang='lat' dir='ltr'>composite</span> <span class='ocrx_word' id='word_1_14' title='bbox 1051 497 1102 547; x_wconf 86' lang='lat' dir='ltr'>suit</span> <span class='ocrx_word' id='word_1_15' title='bbox 1113 499 1138 547; x_wconf 91' lang='lat' dir='ltr'>in</span> <span class='ocrx_word' id='word_1_16' title='bbox 1151 497 1235 547; x_wconf 84' lang='lat' dir='ltr'>nrraii</span> <span class='ocrx_word' id='word_1_17' title='bbox 1247 495 1354 561; x_wconf 78' lang='lat' dir='ltr'>proeli03</span> 
     </span>
     <span class='ocr_line' id='line_1_3' title="bbox 254 574 1354 638; baseline 0.003 -18"><span class='ocrx_word' id='word_1_18' title='bbox 254 576 404 635; x_wconf 69' lang='lat' dir='ltr'>mentibus</span> <span class='ocrx_word' id='word_1_19' title='bbox 417 575 484 630; x_wconf 80' lang='lat' dir='ltr'>reiis,</span> <span class='ocrx_word' id='word_1_20' title='bbox 495 575 520 621; x_wconf 90' lang='lat' dir='ltr'>in</span> <span class='ocrx_word' id='word_1_21' title='bbox 533 574 634 623; x_wconf 86' lang='lat' dir='ltr'>modurn</span> <span class='ocrx_word' id='word_1_22' title='bbox 647 574 786 633; x_wconf 70' lang='lat' dir='ltr'>grandinis,</span> <span class='ocrx_word' id='word_1_23' title='bbox 824 575 856 624; x_wconf 87' lang='lat' dir='ltr'>de</span> <span class='ocrx_word' id='word_1_24' title='bbox 868 592 918 638; x_wconf 89' lang='lat' dir='ltr'>qua</span> <span class='ocrx_word' id='word_1_25' title='bbox 930 577 1087 625; x_wconf 86' lang='lat' dir='ltr'>luculentum</span> <span class='ocrx_word' id='word_1_26' title='bbox 1101 577 1273 625; x_wconf 84' lang='lat' dir='ltr'>testiinonium</span> <span class='ocrx_word' id='word_1_27' title='bbox 1285 574 1354 638; x_wconf 87' lang='lat' dir='ltr'>apud</span> 
     </span>
     <span class='ocr_line' id='line_1_4' title="bbox 255 649 1356 716; baseline -0.001 -16"><span class='ocrx_word' id='word_1_28' title='bbox 255 651 370 716; x_wconf 74' lang='lat' dir='ltr'>quedam</span> <span class='ocrx_word' id='word_1_29' title='bbox 383 649 459 709; x_wconf 81' lang='lat' dir='ltr'>lurte,</span> <span class='ocrx_word' id='word_1_30' title='bbox 472 652 541 709; x_wconf 66' lang='lat' dir='ltr'>qrrasl</span> <span class='ocrx_word' id='word_1_31' title='bbox 554 651 624 700; x_wconf 81' lang='lat' dir='ltr'>siocti</span> <span class='ocrx_word' id='word_1_32' title='bbox 638 651 786 710; x_wconf 82' lang='lat' dir='ltr'>proerrbnis·</span> <span class='ocrx_word' id='word_1_33' title='bbox 824 652 933 701; x_wconf 84' lang='lat' dir='ltr'>ennderu</span> <span class='ocrx_word' id='word_1_34' title='bbox 951 652 1112 701; x_wconf 82' lang='lat' dir='ltr'>Ammianum</span> <span class='ocrx_word' id='word_1_35' title='bbox 1132 654 1149 701; x_wconf 93' lang='lat' dir='ltr'>i.</span> <span class='ocrx_word' id='word_1_36' title='bbox 1171 665 1247 702; x_wconf 79' lang='lat' dir='ltr'>xxvi.</span> <span class='ocrx_word' id='word_1_37' title='bbox 1270 651 1356 701; x_wconf 87' lang='lat' dir='ltr'>‘Cun-</span> 
     </span>
     <span class='ocr_line' id='line_1_5' title="bbox 255 718 1357 792; baseline -0.003 -14"><span class='ocrx_word' id='word_1_38' title='bbox 255 736 313 778; x_wconf 84' lang='lat' dir='ltr'>sent</span> <span class='ocrx_word' id='word_1_39' title='bbox 325 718 557 788; x_wconf 65' lang='lat' dir='ltr'>rn’gennam&#39;ttites,</span> <span class='ocrx_word' id='word_1_40' title='bbox 569 738 595 777; x_wconf 89' lang='lat' dir='ltr'>et</span> <span class='ocrx_word' id='word_1_41' title='bbox 614 730 688 778; x_wconf 86' lang='lat' dir='ltr'>elatis</span> <span class='ocrx_word' id='word_1_42' title='bbox 708 745 787 792; x_wconf 84' lang='lat' dir='ltr'>supra</span> <span class='ocrx_word' id='word_1_43' title='bbox 819 727 936 791; x_wconf 81' lang='lat' dir='ltr'>junctis,&#39;</span> <span class='ocrx_word' id='word_1_44' title='bbox 956 730 1049 792; x_wconf 86' lang='lat' dir='ltr'>inquit,</span> <span class='ocrx_word' id='word_1_45' title='bbox 1068 729 1168 778; x_wconf 84' lang='lat' dir='ltr'>‘tribus</span> <span class='ocrx_word' id='word_1_46' title='bbox 1188 721 1294 789; x_wconf 67' lang='lat' dir='ltr'>nauigiis</span> <span class='ocrx_word' id='word_1_47' title='bbox 1307 736 1357 776; x_wconf 85' lang='lat' dir='ltr'>tes·</span> 
     </span>
     <span class='ocr_line' id='line_1_6' title="bbox 254 804 1355 870; baseline -0.002 -16"><span class='ocrx_word' id='word_1_48' title='bbox 254 805 576 868; x_wconf 73' lang='lat' dir='ltr'>capitasursn‚easornm</span> <span class='ocrx_word' id='word_1_49' title='bbox 595 807 785 870; x_wconf 80' lang='lat' dir='ltr'>speeiemprae·</span> <span class='ocrx_word' id='word_1_50' title='bbox 825 804 939 853; x_wconf 82' lang='lat' dir='ltr'>tudinem</span> <span class='ocrx_word' id='word_1_51' title='bbox 969 806 1017 853; x_wconf 89' lang='lat' dir='ltr'>irae</span> <span class='ocrx_word' id='word_1_52' title='bbox 1045 808 1132 867; x_wconf 85' lang='lat' dir='ltr'>speeie</span> <span class='ocrx_word' id='word_1_53' title='bbox 1164 805 1355 867; x_wconf 79' lang='lat' dir='ltr'>superstruxit-3</span> 
     </span>
     <span class='ocr_line' id='line_1_7' title="bbox 254 880 1356 944; baseline -0.003 -13"><span class='ocrx_word' id='word_1_54' title='bbox 254 880 379 931; x_wconf 86' lang='lat' dir='ltr'>buissent.</span> <span class='ocrx_word' id='word_1_55' title='bbox 413 883 476 930; x_wconf 79' lang='lat' dir='ltr'>Turn</span> <span class='ocrx_word' id='word_1_56' title='bbox 497 882 609 931; x_wconf 86' lang='lat' dir='ltr'>Parthus</span> <span class='ocrx_word' id='word_1_57' title='bbox 628 899 701 932; x_wconf 77' lang='lat' dir='ltr'>arcus</span> <span class='ocrx_word' id='word_1_58' title='bbox 725 885 786 932; x_wconf 87' lang='lat' dir='ltr'>iniri·</span> <span class='ocrx_word' id='word_1_59' title='bbox 825 880 939 929; x_wconf 80' lang='lat' dir='ltr'>densatis</span> <span class='ocrx_word' id='word_1_60' title='bbox 949 882 1109 930; x_wconf 71' lang='lat' dir='ltr'>coherentes</span> <span class='ocrx_word' id='word_1_61' title='bbox 1119 882 1356 944; x_wconf 81' lang='lat' dir='ltr'>strpercapitascrr-</span> 
     </span>
     <span class='ocr_line' id='line_1_8' title="bbox 255 954 1357 1020; baseline -0.002 -15"><span class='ocrx_word' id='word_1_62' title='bbox 255 954 328 1005; x_wconf 81' lang='lat' dir='ltr'>butt:</span> <span class='ocrx_word' id='word_1_63' title='bbox 347 956 442 1005; x_wconf 88' lang='lat' dir='ltr'>delmle</span> <span class='ocrx_word' id='word_1_64' title='bbox 453 957 573 1017; x_wconf 82' lang='lat' dir='ltr'>Romani,</span> <span class='ocrx_word' id='word_1_65' title='bbox 589 973 646 1007; x_wconf 84' lang='lat' dir='ltr'>uum</span> <span class='ocrx_word' id='word_1_66' title='bbox 659 975 685 1008; x_wconf 84' lang='lat' dir='ltr'>re</span> <span class='ocrx_word' id='word_1_67' title='bbox 701 974 787 1008; x_wconf 90' lang='lat' dir='ltr'>rursus</span> <span class='ocrx_word' id='word_1_68' title='bbox 826 957 870 1016; x_wconf 91' lang='lat' dir='ltr'>tis,</span> <span class='ocrx_word' id='word_1_69' title='bbox 882 956 955 1020; x_wconf 88' lang='lat' dir='ltr'>primi</span> <span class='ocrx_word' id='word_1_70' title='bbox 977 959 1097 1006; x_wconf 86' lang='lat' dir='ltr'>transtris</span> <span class='ocrx_word' id='word_1_71' title='bbox 1108 959 1238 1006; x_wconf 83' lang='lat' dir='ltr'>instabant</span> <span class='ocrx_word' id='word_1_72' title='bbox 1256 957 1357 1017; x_wconf 84' lang='lat' dir='ltr'>armati,</span> 
     </span>
     <span class='ocr_line' id='line_1_9' title="bbox 255 1031 1357 1096; baseline -0.005 -13"><span class='ocrx_word' id='word_1_73' title='bbox 255 1032 418 1092; x_wconf 67' lang='lat' dir='ltr'>extulissent,</span> <span class='ocrx_word' id='word_1_74' title='bbox 440 1032 505 1082; x_wconf 85' lang='lat' dir='ltr'>adeo</span> <span class='ocrx_word' id='word_1_75' title='bbox 527 1050 567 1082; x_wconf 80' lang='lat' dir='ltr'>res</span> <span class='ocrx_word' id='word_1_76' title='bbox 590 1036 712 1084; x_wconf 78' lang='lat' dir='ltr'>miraculo</span> <span class='ocrx_word' id='word_1_77' title='bbox 730 1034 788 1096; x_wconf 85' lang='lat' dir='ltr'>fuit,</span> <span class='ocrx_word' id='word_1_78' title='bbox 826 1031 868 1078; x_wconf 91' lang='lat' dir='ltr'>alii</span> <span class='ocrx_word' id='word_1_79' title='bbox 881 1040 940 1094; x_wconf 90' lang='lat' dir='ltr'>post</span> <span class='ocrx_word' id='word_1_80' title='bbox 952 1032 1006 1085; x_wconf 83' lang='lat' dir='ltr'>boa.</span> <span class='ocrx_word' id='word_1_81' title='bbox 1024 1043 1105 1080; x_wconf 88' lang='lat' dir='ltr'>seruet</span> <span class='ocrx_word' id='word_1_82' title='bbox 1123 1041 1259 1080; x_wconf 72' lang='lat' dir='ltr'>curvantes</span> <span class='ocrx_word' id='word_1_83' title='bbox 1275 1033 1357 1080; x_wconf 86' lang='lat' dir='ltr'>lrnnsi·</span> 
     </span>
     <span class='ocr_line' id='line_1_10' title="bbox 256 1108 1357 1173; baseline -0.003 -13"><span class='ocrx_word' id='word_1_84' title='bbox 256 1114 360 1161; x_wconf 84' lang='lat' dir='ltr'>utunus</span> <span class='ocrx_word' id='word_1_85' title='bbox 379 1125 409 1157; x_wconf 82' lang='lat' dir='ltr'>ex</span> <span class='ocrx_word' id='word_1_86' title='bbox 431 1109 547 1158; x_wconf 84' lang='lat' dir='ltr'>barbaris</span> <span class='ocrx_word' id='word_1_87' title='bbox 559 1112 673 1160; x_wconf 87' lang='lat' dir='ltr'>emiserit</span> <span class='ocrx_word' id='word_1_88' title='bbox 689 1125 787 1171; x_wconf 81' lang='lat' dir='ltr'>vocem,</span> <span class='ocrx_word' id='word_1_89' title='bbox 825 1108 883 1170; x_wconf 85' lang='lat' dir='ltr'>lius,</span> <span class='ocrx_word' id='word_1_90' title='bbox 904 1110 987 1158; x_wconf 88' lang='lat' dir='ltr'>tertiis</span> <span class='ocrx_word' id='word_1_91' title='bbox 1006 1111 1132 1173; x_wconf 78' lang='lat' dir='ltr'>gradatim</span> <span class='ocrx_word' id='word_1_92' title='bbox 1151 1111 1279 1158; x_wconf 83' lang='lat' dir='ltr'>inclinatis</span> <span class='ocrx_word' id='word_1_93' title='bbox 1299 1111 1357 1157; x_wconf 84' lang='lat' dir='ltr'>sub·</span> 
     </span>
     <span class='ocr_line' id='line_1_11' title="bbox 257 1184 1357 1249; baseline -0.001 -14"><span class='ocrx_word' id='word_1_94' title='bbox 257 1185 311 1247; x_wconf 84' lang='lat' dir='ltr'>lte,</span> <span class='ocrx_word' id='word_1_95' title='bbox 332 1194 357 1234; x_wconf 84' lang='lat' dir='ltr'>et</span> <span class='ocrx_word' id='word_1_96' title='bbox 371 1186 438 1249; x_wconf 82' lang='lat' dir='ltr'>bene</span> <span class='ocrx_word' id='word_1_97' title='bbox 456 1188 539 1235; x_wconf 88' lang='lat' dir='ltr'>valete</span> <span class='ocrx_word' id='word_1_98' title='bbox 561 1188 678 1247; x_wconf 72' lang='lat' dir='ltr'>Buritani,</span> <span class='ocrx_word' id='word_1_99' title='bbox 696 1187 786 1235; x_wconf 86' lang='lat' dir='ltr'>rneritu</span> <span class='ocrx_word' id='word_1_100' title='bbox 826 1184 911 1247; x_wconf 87' lang='lat' dir='ltr'>tuisse,</span> <span class='ocrx_word' id='word_1_101' title='bbox 934 1188 971 1235; x_wconf 87' lang='lat' dir='ltr'>ita</span> <span class='ocrx_word' id='word_1_102' title='bbox 985 1193 1014 1234; x_wconf 91' lang='lat' dir='ltr'>ut</span> <span class='ocrx_word' id='word_1_103' title='bbox 1031 1187 1158 1235; x_wconf 89' lang='lat' dir='ltr'>novissimi</span> <span class='ocrx_word' id='word_1_104' title='bbox 1179 1185 1357 1241; x_wconf 68' lang='lat' dir='ltr'>srrffiasinibus</span> 
     </span>
     <span class='ocr_line' id='line_1_12' title="bbox 257 1260 1358 1326; baseline -0.001 -15"><span class='ocrx_word' id='word_1_105' title='bbox 257 1261 425 1311; x_wconf 75' lang='lat' dir='ltr'>rosvictores</span> <span class='ocrx_word' id='word_1_106' title='bbox 443 1260 510 1312; x_wconf 80' lang='lat' dir='ltr'>fama</span> <span class='ocrx_word' id='word_1_107' title='bbox 522 1265 637 1318; x_wconf 72' lang='lat' dir='ltr'>centium</span> <span class='ocrx_word' id='word_1_108' title='bbox 657 1263 787 1326; x_wconf 64' lang='lat' dir='ltr'>loquitur!</span> <span class='ocrx_word' id='word_1_109' title='bbox 826 1260 975 1320; x_wconf 72' lang='lat' dir='ltr'>insidentes,</span> <span class='ocrx_word' id='word_1_110' title='bbox 995 1260 1100 1310; x_wconf 78' lang='lat' dir='ltr'>i‘orrnanr</span> <span class='ocrx_word' id='word_1_111' title='bbox 1114 1261 1216 1310; x_wconf 80' lang='lat' dir='ltr'>aedificii</span> <span class='ocrx_word' id='word_1_112' title='bbox 1236 1262 1358 1310; x_wconf 78' lang='lat' dir='ltr'>fornicati</span> 
     </span>
     <span class='ocr_line' id='line_1_13' title="bbox 256 1334 1358 1402; baseline 0 -16"><span class='ocrx_word' id='word_1_113' title='bbox 256 1334 416 1386; x_wconf 83' lang='lat' dir='ltr'>Meminitet</span> <span class='ocrx_word' id='word_1_114' title='bbox 428 1337 581 1385; x_wconf 85' lang='lat' dir='ltr'>Plutarchus</span> <span class='ocrx_word' id='word_1_115' title='bbox 594 1338 618 1385; x_wconf 91' lang='lat' dir='ltr'>iu</span> <span class='ocrx_word' id='word_1_116' title='bbox 631 1336 750 1396; x_wconf 82' lang='lat' dir='ltr'>Antonio,</span> <span class='ocrx_word' id='word_1_117' title='bbox 760 1345 787 1387; x_wconf 89' lang='lat' dir='ltr'>et</span> <span class='ocrx_word' id='word_1_118' title='bbox 826 1346 1015 1387; x_wconf 71' lang='lat' dir='ltr'><strong>monstrarent:</strong></span> <span class='ocrx_word' id='word_1_119' title='bbox 1041 1339 1109 1402; x_wconf 92' lang='lat' dir='ltr'>quod</span> <span class='ocrx_word' id='word_1_120' title='bbox 1132 1337 1256 1386; x_wconf 75' lang='lat' dir='ltr'>maritinae</span> <span class='ocrx_word' id='word_1_121' title='bbox 1278 1353 1358 1400; x_wconf 75' lang='lat' dir='ltr'>genus</span> 
     </span>
     <span class='ocr_line' id='line_1_14' title="bbox 258 1409 1358 1478; baseline 0 -17"><span class='ocrx_word' id='word_1_122' title='bbox 258 1409 392 1475; x_wconf 71' lang='lat' dir='ltr'>Appianas</span> <span class='ocrx_word' id='word_1_123' title='bbox 404 1415 436 1461; x_wconf 88' lang='lat' dir='ltr'>de</span> <span class='ocrx_word' id='word_1_124' title='bbox 454 1413 521 1461; x_wconf 84' lang='lat' dir='ltr'>bellu</span> <span class='ocrx_word' id='word_1_125' title='bbox 536 1414 664 1462; x_wconf 82' lang='lat' dir='ltr'>Parthico.</span> <span class='ocrx_word' id='word_1_126' title='bbox 699 1416 788 1466; x_wconf 85' lang='lat' dir='ltr'>eriui-</span> <span class='ocrx_word' id='word_1_127' title='bbox 826 1421 918 1464; x_wconf 84' lang='lat' dir='ltr'>contra</span> <span class='ocrx_word' id='word_1_128' title='bbox 930 1417 1037 1464; x_wconf 90' lang='lat' dir='ltr'>murales</span> <span class='ocrx_word' id='word_1_129' title='bbox 1050 1429 1148 1478; x_wconf 83' lang='lat' dir='ltr'>pugnas</span> <span class='ocrx_word' id='word_1_130' title='bbox 1161 1414 1218 1462; x_wconf 84' lang='lat' dir='ltr'>ideo</span> <span class='ocrx_word' id='word_1_131' title='bbox 1230 1413 1358 1475; x_wconf 73' lang='lat' dir='ltr'>liguratur</span> 
     </span>
     <span class='ocr_line' id='line_1_15' title="bbox 258 1487 1358 1553; baseline 0.001 -17"><span class='ocrx_word' id='word_1_132' title='bbox 258 1501 301 1536; x_wconf 89' lang='lat' dir='ltr'>ruo</span> <span class='ocrx_word' id='word_1_133' title='bbox 325 1487 351 1535; x_wconf 91' lang='lat' dir='ltr'>in</span> <span class='ocrx_word' id='word_1_134' title='bbox 377 1488 505 1536; x_wconf 81' lang='lat' dir='ltr'>testudine</span> <span class='ocrx_word' id='word_1_135' title='bbox 534 1490 580 1538; x_wconf 87' lang='lat' dir='ltr'>bac</span> <span class='ocrx_word' id='word_1_136' title='bbox 606 1492 789 1552; x_wconf 85' lang='lat' dir='ltr'>construenda,</span> <span class='ocrx_word' id='word_1_137' title='bbox 826 1489 874 1537; x_wconf 81' lang='lat' dir='ltr'>isac</span> <span class='ocrx_word' id='word_1_138' title='bbox 886 1490 984 1553; x_wconf 86' lang='lat' dir='ltr'>specie,</span> <span class='ocrx_word' id='word_1_139' title='bbox 1004 1498 1032 1538; x_wconf 92' lang='lat' dir='ltr'>nt</span> <span class='ocrx_word' id='word_1_140' title='bbox 1045 1490 1175 1538; x_wconf 87' lang='lat' dir='ltr'>missilium</span> <span class='ocrx_word' id='word_1_141' title='bbox 1190 1490 1267 1547; x_wconf 78' lang='lat' dir='ltr'>icius,</span> <span class='ocrx_word' id='word_1_142' title='bbox 1279 1497 1358 1552; x_wconf 89' lang='lat' dir='ltr'>atque</span> 
     </span>
     <span class='ocr_line' id='line_1_16' title="bbox 259 1564 1360 1629; baseline 0 -17"><span class='ocrx_word' id='word_1_143' title='bbox 259 1569 356 1626; x_wconf 76' lang='lat' dir='ltr'>prater</span> <span class='ocrx_word' id='word_1_144' title='bbox 379 1564 573 1627; x_wconf 86' lang='lat' dir='ltr'>impedimenta,</span> <span class='ocrx_word' id='word_1_145' title='bbox 595 1574 622 1616; x_wconf 89' lang='lat' dir='ltr'>et</span> <span class='ocrx_word' id='word_1_146' title='bbox 645 1567 727 1616; x_wconf 84' lang='lat' dir='ltr'>levem</span> <span class='ocrx_word' id='word_1_147' title='bbox 749 1584 789 1616; x_wconf 87' lang='lat' dir='ltr'>ar·</span> <span class='ocrx_word' id='word_1_148' title='bbox 827 1580 946 1614; x_wconf 80' lang='lat' dir='ltr'>saxorum</span> <span class='ocrx_word' id='word_1_149' title='bbox 959 1581 1005 1629; x_wconf 88' lang='lat' dir='ltr'>per</span> <span class='ocrx_word' id='word_1_150' title='bbox 1021 1565 1145 1615; x_wconf 86' lang='lat' dir='ltr'>decursus</span> <span class='ocrx_word' id='word_1_151' title='bbox 1162 1564 1285 1613; x_wconf 73' lang='lat' dir='ltr'>cadentes</span> <span class='ocrx_word' id='word_1_152' title='bbox 1298 1564 1360 1612; x_wconf 86' lang='lat' dir='ltr'>labi-</span> 
     </span>
     <span class='ocr_line' id='line_1_17' title="bbox 259 1640 1360 1704; baseline 0 -17"><span class='ocrx_word' id='word_1_153' title='bbox 259 1644 403 1698; x_wconf 72' lang='lat' dir='ltr'>masuram,</span> <span class='ocrx_word' id='word_1_154' title='bbox 420 1640 496 1687; x_wconf 85' lang='lat' dir='ltr'>etiarn</span> <span class='ocrx_word' id='word_1_155' title='bbox 515 1642 616 1704; x_wconf 87' lang='lat' dir='ltr'>equites</span> <span class='ocrx_word' id='word_1_156' title='bbox 632 1643 657 1691; x_wconf 88' lang='lat' dir='ltr'>in</span> <span class='ocrx_word' id='word_1_157' title='bbox 678 1644 789 1694; x_wconf 86' lang='lat' dir='ltr'>medium</span> <span class='ocrx_word' id='word_1_158' title='bbox 827 1640 964 1699; x_wconf 61' lang='lat' dir='ltr'>luminatur</span> <span class='ocrx_word' id='word_1_159' title='bbox 976 1642 1105 1701; x_wconf 87' lang='lat' dir='ltr'>imbrium,</span> <span class='ocrx_word' id='word_1_160' title='bbox 1116 1640 1288 1689; x_wconf 68' lang='lat' dir='ltr'>euarresoaut!</span> <span class='ocrx_word' id='word_1_161' title='bbox 1318 1640 1360 1688; x_wconf 86' lang='lat' dir='ltr'>ita</span> 
     </span>
     <span class='ocr_line' id='line_1_18' title="bbox 259 1713 1359 1781; baseline -0.001 -19"><span class='ocrx_word' id='word_1_162' title='bbox 259 1713 341 1776; x_wconf 77' lang='lat' dir='ltr'>recipi</span> <span class='ocrx_word' id='word_1_163' title='bbox 352 1714 453 1763; x_wconf 84' lang='lat' dir='ltr'>soient:</span> <span class='ocrx_word' id='word_1_164' title='bbox 467 1716 510 1778; x_wconf 90' lang='lat' dir='ltr'>qui</span> <span class='ocrx_word' id='word_1_165' title='bbox 519 1718 619 1781; x_wconf 82' lang='lat' dir='ltr'>nequid</span> <span class='ocrx_word' id='word_1_166' title='bbox 627 1719 684 1768; x_wconf 90' lang='lat' dir='ltr'>aliis</span> <span class='ocrx_word' id='word_1_167' title='bbox 695 1721 790 1769; x_wconf 81' lang='lat' dir='ltr'>inuom-</span> <span class='ocrx_word' id='word_1_168' title='bbox 828 1715 954 1766; x_wconf 77' lang='lat' dir='ltr'>Ammine.</span> <span class='ocrx_word' id='word_1_169' title='bbox 983 1717 1116 1765; x_wconf 68' lang='lat' dir='ltr'>Praeterea</span> <span class='ocrx_word' id='word_1_170' title='bbox 1124 1716 1145 1762; x_wconf 84' lang='lat' dir='ltr'>si</span> <span class='ocrx_word' id='word_1_171' title='bbox 1155 1715 1270 1763; x_wconf 83' lang='lat' dir='ltr'>exercitu</span> <span class='ocrx_word' id='word_1_172' title='bbox 1284 1713 1359 1777; x_wconf 85' lang='lat' dir='ltr'>profi·</span> 
     </span>
     <span class='ocr_line' id='line_1_19' title="bbox 258 1788 1360 1861; baseline 0 -23"><span class='ocrx_word' id='word_1_173' title='bbox 258 1788 487 1850; x_wconf 58' lang='lat' dir='ltr'>medenentense</span> <span class='ocrx_word' id='word_1_174' title='bbox 496 1807 577 1856; x_wconf 90' lang='lat' dir='ltr'>equos</span> <span class='ocrx_word' id='word_1_175' title='bbox 585 1792 791 1861; x_wconf 78' lang='lat' dir='ltr'>genuailectere,</span> <span class='ocrx_word' id='word_1_176' title='bbox 828 1793 951 1853; x_wconf 67' lang='lat' dir='ltr'>circeum,</span> <span class='ocrx_word' id='word_1_177' title='bbox 966 1793 991 1840; x_wconf 90' lang='lat' dir='ltr'>in</span> <span class='ocrx_word' id='word_1_178' title='bbox 1005 1793 1067 1841; x_wconf 86' lang='lat' dir='ltr'>iocis</span> <span class='ocrx_word' id='word_1_179' title='bbox 1087 1792 1216 1851; x_wconf 75' lang='lat' dir='ltr'>concavis,</span> <span class='ocrx_word' id='word_1_180' title='bbox 1235 1790 1360 1851; x_wconf 78' lang='lat' dir='ltr'>angustis,</span> 
     </span>
     <span class='ocr_line' id='line_1_20' title="bbox 259 1867 1360 1930; baseline -0.001 -14"><span class='ocrx_word' id='word_1_181' title='bbox 259 1879 340 1930; x_wconf 83' lang='lat' dir='ltr'>seque</span> <span class='ocrx_word' id='word_1_182' title='bbox 353 1867 477 1915; x_wconf 81' lang='lat' dir='ltr'>inclinare</span> <span class='ocrx_word' id='word_1_183' title='bbox 486 1867 622 1918; x_wconf 86' lang='lat' dir='ltr'>ducebant.</span> <span class='ocrx_word' id='word_1_184' title='bbox 656 1871 743 1922; x_wconf 83' lang='lat' dir='ltr'>Testis</span> <span class='ocrx_word' id='word_1_185' title='bbox 755 1874 791 1921; x_wconf 88' lang='lat' dir='ltr'>ln·</span> <span class='ocrx_word' id='word_1_186' title='bbox 828 1875 856 1917; x_wconf 86' lang='lat' dir='ltr'>et</span> <span class='ocrx_word' id='word_1_187' title='bbox 866 1870 957 1918; x_wconf 88' lang='lat' dir='ltr'>lutosis</span> <span class='ocrx_word' id='word_1_188' title='bbox 966 1870 1066 1917; x_wconf 82' lang='lat' dir='ltr'>baesrrra</span> <span class='ocrx_word' id='word_1_189' title='bbox 1082 1868 1237 1917; x_wconf 81' lang='lat' dir='ltr'>videbantur</span> <span class='ocrx_word' id='word_1_190' title='bbox 1252 1868 1360 1930; x_wconf 80' lang='lat' dir='ltr'>impedi·</span> 
     </span>
     <span class='ocr_line' id='line_1_21' title="bbox 260 1936 1362 2010; baseline 0.001 -19"><span class='ocrx_word' id='word_1_191' title='bbox 260 1941 448 1991; x_wconf 86' lang='lat' dir='ltr'>euientissinms</span> <span class='ocrx_word' id='word_1_192' title='bbox 462 1943 630 1993; x_wconf 77' lang='lat' dir='ltr'>DioNiceus</span> <span class='ocrx_word' id='word_1_193' title='bbox 647 1944 673 1993; x_wconf 91' lang='lat' dir='ltr'>in</span> <span class='ocrx_word' id='word_1_194' title='bbox 692 1945 792 2010; x_wconf 78' lang='lat' dir='ltr'>Augus·</span> <span class='ocrx_word' id='word_1_195' title='bbox 829 1936 925 2005; x_wconf 85' lang='lat' dir='ltr'>menta,</span> <span class='ocrx_word' id='word_1_196' title='bbox 945 1946 991 1993; x_wconf 87' lang='lat' dir='ltr'>tali</span> <span class='ocrx_word' id='word_1_197' title='bbox 1009 1945 1140 1994; x_wconf 73' lang='lat' dir='ltr'><strong>testudine</strong></span> <span class='ocrx_word' id='word_1_198' title='bbox 1158 1943 1238 2004; x_wconf 85' lang='lat' dir='ltr'>lacta,</span> <span class='ocrx_word' id='word_1_199' title='bbox 1257 1943 1362 2003; x_wconf 84' lang='lat' dir='ltr'>milites,</span> 
     </span>
     <span class='ocr_line' id='line_1_22' title="bbox 259 2017 1361 2083; baseline -0.001 -17"><span class='ocrx_word' id='word_1_200' title='bbox 259 2022 297 2073; x_wconf 82' lang='lat' dir='ltr'>to.</span> <span class='ocrx_word' id='word_1_201' title='bbox 331 2017 426 2066; x_wconf 82' lang='lat' dir='ltr'>Itidem</span> <span class='ocrx_word' id='word_1_202' title='bbox 438 2020 477 2066; x_wconf 91' lang='lat' dir='ltr'>usi</span> <span class='ocrx_word' id='word_1_203' title='bbox 497 2018 628 2068; x_wconf 78' lang='lat' dir='ltr'>testudine</span> <span class='ocrx_word' id='word_1_204' title='bbox 646 2022 755 2070; x_wconf 89' lang='lat' dir='ltr'>Romani</span> <span class='ocrx_word' id='word_1_205' title='bbox 766 2023 791 2070; x_wconf 90' lang='lat' dir='ltr'>in</span> <span class='ocrx_word' id='word_1_206' title='bbox 829 2034 918 2083; x_wconf 91' lang='lat' dir='ltr'>equos,</span> <span class='ocrx_word' id='word_1_207' title='bbox 937 2031 964 2070; x_wconf 89' lang='lat' dir='ltr'>et</span> <span class='ocrx_word' id='word_1_208' title='bbox 981 2021 1035 2083; x_wconf 87' lang='lat' dir='ltr'>ipsa</span> <span class='ocrx_word' id='word_1_209' title='bbox 1046 2021 1125 2069; x_wconf 88' lang='lat' dir='ltr'>etiam</span> <span class='ocrx_word' id='word_1_210' title='bbox 1145 2021 1263 2069; x_wconf 85' lang='lat' dir='ltr'>vehicula</span> <span class='ocrx_word' id='word_1_211' title='bbox 1280 2026 1361 2066; x_wconf 86' lang='lat' dir='ltr'>trans-</span> 
     </span>
     <span class='ocr_line' id='line_1_23' title="bbox 243 2092 1360 2160; baseline -0.001 -16"><span class='ocrx_word' id='word_1_212' title='bbox 243 2092 393 2144; x_wconf 60' lang='lat' dir='ltr'>invasione</span> <span class='ocrx_word' id='word_1_213' title='bbox 414 2109 552 2145; x_wconf 86' lang='lat' dir='ltr'>murorum.</span> <span class='ocrx_word' id='word_1_214' title='bbox 592 2096 679 2144; x_wconf 82' lang='lat' dir='ltr'>Livius</span> <span class='ocrx_word' id='word_1_215' title='bbox 701 2098 791 2146; x_wconf 88' lang='lat' dir='ltr'>eodem</span> <span class='ocrx_word' id='word_1_216' title='bbox 829 2096 1044 2156; x_wconf 83' lang='lat' dir='ltr'>mitteresolent;</span> <span class='ocrx_word' id='word_1_217' title='bbox 1062 2097 1130 2160; x_wconf 91' lang='lat' dir='ltr'>quod</span> <span class='ocrx_word' id='word_1_218' title='bbox 1149 2111 1193 2144; x_wconf 88' lang='lat' dir='ltr'>nos</span> <span class='ocrx_word' id='word_1_219' title='bbox 1205 2097 1260 2144; x_wconf 86' lang='lat' dir='ltr'>vult</span> <span class='ocrx_word' id='word_1_220' title='bbox 1272 2095 1360 2144; x_wconf 86' lang='lat' dir='ltr'>crede-</span> 
     </span>
     <span class='ocr_line' id='line_1_24' title="bbox 260 2170 1331 2236; baseline -0.003 -14"><span class='ocrx_word' id='word_1_221' title='bbox 260 2170 328 2234; x_wconf 82' lang='lat' dir='ltr'>loco,</span> <span class='ocrx_word' id='word_1_222' title='bbox 340 2187 391 2235; x_wconf 93' lang='lat' dir='ltr'>quo</span> <span class='ocrx_word' id='word_1_223' title='bbox 403 2187 490 2234; x_wconf 90' lang='lat' dir='ltr'>snpra,</span> <span class='ocrx_word' id='word_1_224' title='bbox 510 2173 552 2222; x_wconf 91' lang='lat' dir='ltr'>ubi</span> <span class='ocrx_word' id='word_1_225' title='bbox 564 2172 597 2222; x_wconf 91' lang='lat' dir='ltr'>de</span> <span class='ocrx_word' id='word_1_226' title='bbox 609 2174 737 2222; x_wconf 76' lang='lat' dir='ltr'>testudine</span> <span class='ocrx_word' id='word_1_227' title='bbox 749 2175 793 2223; x_wconf 88' lang='lat' dir='ltr'>iiia</span> <span class='ocrx_word' id='word_1_228' title='bbox 830 2186 857 2221; x_wconf 84' lang='lat' dir='ltr'>re</span> <span class='ocrx_word' id='word_1_229' title='bbox 869 2173 937 2221; x_wconf 92' lang='lat' dir='ltr'>idem</span> <span class='ocrx_word' id='word_1_230' title='bbox 948 2174 1009 2234; x_wconf 93' lang='lat' dir='ltr'>Dio,</span> <span class='ocrx_word' id='word_1_231' title='bbox 1020 2174 1078 2222; x_wconf 91' lang='lat' dir='ltr'>ioco</span> <span class='ocrx_word' id='word_1_232' title='bbox 1090 2189 1141 2236; x_wconf 86' lang='lat' dir='ltr'>qno</span> <span class='ocrx_word' id='word_1_233' title='bbox 1154 2187 1240 2234; x_wconf 87' lang='lat' dir='ltr'>supra.</span> <span class='ocrx_word' id='word_1_234' title='bbox 1258 2172 1331 2227; x_wconf 71' lang='lat' dir='ltr'>Sino.</span> 
     </span>
     <span class='ocr_line' id='line_1_25' title="bbox 261 2235 1361 2313; baseline -0.001 -17"><span class='ocrx_word' id='word_1_235' title='bbox 261 2235 395 2296; x_wconf 74' lang='lat' dir='ltr'>Cito-ensi:</span> <span class='ocrx_word' id='word_1_236' title='bbox 412 2248 516 2311; x_wconf 84' lang='lat' dir='ltr'>‘Huie,’</span> <span class='ocrx_word' id='word_1_237' title='bbox 537 2250 630 2313; x_wconf 88' lang='lat' dir='ltr'>inquit,</span> <span class='ocrx_word' id='word_1_238' title='bbox 649 2250 657 2277; x_wconf 86' lang='lat'><em>‘</em></span> <span class='ocrx_word' id='word_1_239' title='bbox 670 2250 792 2299; x_wconf 72' lang='lat' dir='ltr'>testudini</span> <span class='ocrx_word' id='word_1_240' title='bbox 864 2250 1002 2313; x_wconf 79' lang='lat' dir='ltr'>Teriedise]</span> <span class='ocrx_word' id='word_1_241' title='bbox 1012 2251 1057 2299; x_wconf 91' lang='lat' dir='ltr'>Usi</span> <span class='ocrx_word' id='word_1_242' title='bbox 1066 2264 1098 2298; x_wconf 88' lang='lat' dir='ltr'>ea</span> <span class='ocrx_word' id='word_1_243' title='bbox 1107 2249 1216 2298; x_wconf 83' lang='lat' dir='ltr'>Romani</span> <span class='ocrx_word' id='word_1_244' title='bbox 1227 2249 1251 2296; x_wconf 91' lang='lat' dir='ltr'>in</span> <span class='ocrx_word' id='word_1_245' title='bbox 1264 2248 1361 2309; x_wconf 89' lang='lat' dir='ltr'>triplici</span> 
     </span>
     <span class='ocr_line' id='line_1_26' title="bbox 261 2321 1361 2390; baseline 0 -18"><span class='ocrx_word' id='word_1_246' title='bbox 261 2321 399 2384; x_wconf 85' lang='lat' dir='ltr'>simillima,</span> <span class='ocrx_word' id='word_1_247' title='bbox 422 2326 491 2388; x_wconf 80' lang='lat' dir='ltr'>perti</span> <span class='ocrx_word' id='word_1_248' title='bbox 513 2326 578 2374; x_wconf 91' lang='lat' dir='ltr'>rnnri</span> <span class='ocrx_word' id='word_1_249' title='bbox 600 2326 713 2389; x_wconf 87' lang='lat' dir='ltr'>admota,</span> <span class='ocrx_word' id='word_1_250' title='bbox 733 2342 792 2377; x_wconf 86' lang='lat' dir='ltr'>cum</span> <span class='ocrx_word' id='word_1_251' title='bbox 829 2325 986 2388; x_wconf 72' lang='lat' dir='ltr'>discrimine,</span> <span class='ocrx_word' id='word_1_252' title='bbox 1001 2327 1027 2375; x_wconf 88' lang='lat' dir='ltr'>in</span> <span class='ocrx_word' id='word_1_253' title='bbox 1047 2326 1230 2390; x_wconf 72' lang='lat' dir='ltr'>oppugnando,</span> <span class='ocrx_word' id='word_1_254' title='bbox 1248 2338 1361 2387; x_wconf 82' lang='lat' dir='ltr'>pugnan-</span> 
     </span>
     <span class='ocr_line' id='line_1_27' title="bbox 263 2400 1363 2466; baseline 0.002 -19"><span class='ocrx_word' id='word_1_255' title='bbox 263 2400 355 2448; x_wconf 82' lang='lat' dir='ltr'>ennati</span> <span class='ocrx_word' id='word_1_256' title='bbox 377 2408 554 2464; x_wconf 85' lang='lat' dir='ltr'>superstantes</span> <span class='ocrx_word' id='word_1_257' title='bbox 568 2401 716 2465; x_wconf 87' lang='lat' dir='ltr'>subiissent,</span> <span class='ocrx_word' id='word_1_258' title='bbox 737 2417 791 2466; x_wconf 89' lang='lat' dir='ltr'>pro·</span> <span class='ocrx_word' id='word_1_259' title='bbox 831 2402 874 2464; x_wconf 88' lang='lat' dir='ltr'>do,</span> <span class='ocrx_word' id='word_1_260' title='bbox 886 2401 1068 2466; x_wconf 79' lang='lat' dir='ltr'>repugnando:</span> <span class='ocrx_word' id='word_1_261' title='bbox 1086 2402 1154 2450; x_wconf 91' lang='lat' dir='ltr'>unde</span> <span class='ocrx_word' id='word_1_262' title='bbox 1166 2401 1302 2463; x_wconf 79' lang='lat' dir='ltr'>attriplex</span> <span class='ocrx_word' id='word_1_263' title='bbox 1314 2408 1363 2449; x_wconf 89' lang='lat' dir='ltr'>tes·</span> 
     </span>
     <span class='ocr_line' id='line_1_28' title="bbox 263 2475 1363 2540; baseline 0.002 -18"><span class='ocrx_word' id='word_1_264' title='bbox 263 2477 449 2539; x_wconf 72' lang='lat' dir='ltr'>pugnatoribus</span> <span class='ocrx_word' id='word_1_265' title='bbox 460 2478 526 2526; x_wconf 88' lang='lat' dir='ltr'>muri</span> <span class='ocrx_word' id='word_1_266' title='bbox 537 2477 642 2539; x_wconf 69' lang='lat' dir='ltr'>fastigio</span> <span class='ocrx_word' id='word_1_267' title='bbox 650 2479 794 2530; x_wconf 80' lang='lat' dir='ltr'>altitudinis</span> <span class='ocrx_word' id='word_1_268' title='bbox 831 2479 903 2528; x_wconf 87' lang='lat' dir='ltr'>tudo.</span> <span class='ocrx_word' id='word_1_269' title='bbox 938 2477 969 2526; x_wconf 89' lang='lat' dir='ltr'>Iu</span> <span class='ocrx_word' id='word_1_270' title='bbox 981 2477 1151 2540; x_wconf 75' lang='lat' dir='ltr'>oppugnando</span> <span class='ocrx_word' id='word_1_271' title='bbox 1163 2475 1222 2537; x_wconf 87' lang='lat' dir='ltr'>fuit,</span> <span class='ocrx_word' id='word_1_272' title='bbox 1236 2491 1295 2524; x_wconf 83' lang='lat' dir='ltr'>curn</span> <span class='ocrx_word' id='word_1_273' title='bbox 1306 2490 1363 2525; x_wconf 90' lang='lat' dir='ltr'>scn-</span> 
     </span>
     <span class='ocr_line' id='line_1_29' title="bbox 262 2550 1363 2618; baseline 0.001 -19"><span class='ocrx_word' id='word_1_274' title='bbox 262 2550 424 2616; x_wconf 73' lang='lat' dir='ltr'>equabatur,</span> <span class='ocrx_word' id='word_1_275' title='bbox 441 2553 605 2618; x_wconf 81' lang='lat' dir='ltr'>depulsisque</span> <span class='ocrx_word' id='word_1_276' title='bbox 615 2555 655 2618; x_wconf 88' lang='lat' dir='ltr'>iis,</span> <span class='ocrx_word' id='word_1_277' title='bbox 666 2556 692 2604; x_wconf 92' lang='lat' dir='ltr'>in</span> <span class='ocrx_word' id='word_1_278' title='bbox 704 2556 794 2606; x_wconf 86' lang='lat' dir='ltr'>urbem</span> <span class='ocrx_word' id='word_1_279' title='bbox 833 2555 865 2604; x_wconf 89' lang='lat' dir='ltr'>tis</span> <span class='ocrx_word' id='word_1_280' title='bbox 877 2569 954 2618; x_wconf 88' lang='lat' dir='ltr'>super</span> <span class='ocrx_word' id='word_1_281' title='bbox 970 2554 1057 2617; x_wconf 84' lang='lat' dir='ltr'>capita</span> <span class='ocrx_word' id='word_1_282' title='bbox 1069 2551 1142 2602; x_wconf 85' lang='lat' dir='ltr'>elatis</span> <span class='ocrx_word' id='word_1_283' title='bbox 1157 2566 1230 2601; x_wconf 82' lang='lat' dir='ltr'>nuno</span> <span class='ocrx_word' id='word_1_284' title='bbox 1241 2551 1363 2600; x_wconf 84' lang='lat' dir='ltr'>srrccede·</span> 
     </span>
     <span class='ocr_line' id='line_1_30' title="bbox 263 2626 1362 2693; baseline 0 -17"><span class='ocrx_word' id='word_1_285' title='bbox 263 2626 372 2677; x_wconf 86' lang='lat' dir='ltr'>duorum</span> <span class='ocrx_word' id='word_1_286' title='bbox 384 2629 514 2690; x_wconf 80' lang='lat' dir='ltr'>signorum</span> <span class='ocrx_word' id='word_1_287' title='bbox 525 2631 620 2680; x_wconf 89' lang='lat' dir='ltr'>milites</span> <span class='ocrx_word' id='word_1_288' title='bbox 631 2634 795 2682; x_wconf 86' lang='lat' dir='ltr'>transcende·</span> <span class='ocrx_word' id='word_1_289' title='bbox 834 2631 907 2693; x_wconf 83' lang='lat' dir='ltr'>bant,</span> <span class='ocrx_word' id='word_1_290' title='bbox 937 2631 1023 2693; x_wconf 89' lang='lat' dir='ltr'>primis</span> <span class='ocrx_word' id='word_1_291' title='bbox 1051 2629 1192 2689; x_wconf 85' lang='lat' dir='ltr'>altioribus,</span> <span class='ocrx_word' id='word_1_292' title='bbox 1219 2637 1246 2678; x_wconf 91' lang='lat' dir='ltr'>et</span> <span class='ocrx_word' id='word_1_293' title='bbox 1273 2628 1362 2676; x_wconf 86' lang='lat' dir='ltr'>ordine</span> 
     </span>
     <span class='ocr_line' id='line_1_31' title="bbox 263 2703 1363 2771; baseline 0 -20"><span class='ocrx_word' id='word_1_294' title='bbox 263 2709 332 2752; x_wconf 83' lang='lat' dir='ltr'>rtrnl.</span> <span class='ocrx_word' id='word_1_295' title='bbox 366 2703 397 2750; x_wconf 85' lang='lat' dir='ltr'>ld</span> <span class='ocrx_word' id='word_1_296' title='bbox 410 2703 509 2751; x_wconf 89' lang='lat' dir='ltr'>tantum</span> <span class='ocrx_word' id='word_1_297' title='bbox 519 2705 641 2756; x_wconf 87' lang='lat' dir='ltr'>dissimile</span> <span class='ocrx_word' id='word_1_298' title='bbox 653 2705 713 2768; x_wconf 83' lang='lat' dir='ltr'>tais,</span> <span class='ocrx_word' id='word_1_299' title='bbox 725 2709 795 2771; x_wconf 91' lang='lat' dir='ltr'>quod</span> <span class='ocrx_word' id='word_1_300' title='bbox 834 2707 967 2770; x_wconf 80' lang='lat' dir='ltr'>paulatim,</span> <span class='ocrx_word' id='word_1_301' title='bbox 989 2705 1052 2753; x_wconf 88' lang='lat' dir='ltr'>tecti</span> <span class='ocrx_word' id='word_1_302' title='bbox 1072 2704 1195 2765; x_wconf 91' lang='lat' dir='ltr'>simplicis</span> <span class='ocrx_word' id='word_1_303' title='bbox 1215 2703 1363 2766; x_wconf 77' lang='lat' dir='ltr'>iuniorem,</span> 
     </span>
     <span class='ocr_line' id='line_1_32' title="bbox 263 2777 1364 2847; baseline -0.002 -19"><span class='ocrx_word' id='word_1_304' title='bbox 263 2778 329 2828; x_wconf 84' lang='lat' dir='ltr'>etin</span> <span class='ocrx_word' id='word_1_305' title='bbox 346 2777 429 2827; x_wconf 88' lang='lat' dir='ltr'>t&#39;ronte</span> <span class='ocrx_word' id='word_1_306' title='bbox 441 2781 561 2844; x_wconf 81' lang='lat' dir='ltr'>extremi,</span> <span class='ocrx_word' id='word_1_307' title='bbox 581 2788 652 2830; x_wconf 84' lang='lat' dir='ltr'>etex</span> <span class='ocrx_word' id='word_1_308' title='bbox 665 2783 796 2847; x_wconf 81' lang='lat' dir='ltr'>lateribus,</span> <span class='ocrx_word' id='word_1_309' title='bbox 834 2780 1008 2829; x_wconf 84' lang='lat' dir='ltr'>decrescente.</span> <span class='ocrx_word' id='word_1_310' title='bbox 1042 2780 1136 2841; x_wconf 87' lang='lat' dir='ltr'>Causa,</span> <span class='ocrx_word' id='word_1_311' title='bbox 1155 2786 1183 2827; x_wconf 90' lang='lat' dir='ltr'>ut</span> <span class='ocrx_word' id='word_1_312' title='bbox 1196 2778 1247 2827; x_wconf 85' lang='lat' dir='ltr'>tela</span> <span class='ocrx_word' id='word_1_313' title='bbox 1267 2779 1364 2840; x_wconf 88' lang='lat' dir='ltr'>injecta</span> 
     </span>
     <span class='ocr_line' id='line_1_33' title="bbox 263 2854 1362 2921; baseline -0.003 -16"><span class='ocrx_word' id='word_1_314' title='bbox 263 2854 312 2905; x_wconf 84' lang='lat' dir='ltr'>rull</span> <span class='ocrx_word' id='word_1_315' title='bbox 330 2869 380 2904; x_wconf 91' lang='lat' dir='ltr'>uon</span> <span class='ocrx_word' id='word_1_316' title='bbox 391 2855 523 2904; x_wconf 87' lang='lat' dir='ltr'>habebant</span> <span class='ocrx_word' id='word_1_317' title='bbox 539 2871 618 2920; x_wconf 86' lang='lat' dir='ltr'>super</span> <span class='ocrx_word' id='word_1_318' title='bbox 629 2859 718 2921; x_wconf 91' lang='lat' dir='ltr'>capita</span> <span class='ocrx_word' id='word_1_319' title='bbox 730 2861 797 2909; x_wconf 86' lang='lat' dir='ltr'>elata</span> <span class='ocrx_word' id='word_1_320' title='bbox 834 2872 881 2921; x_wconf 92' lang='lat' dir='ltr'>per</span> <span class='ocrx_word' id='word_1_321' title='bbox 892 2858 1006 2921; x_wconf 84' lang='lat' dir='ltr'>proclive</span> <span class='ocrx_word' id='word_1_322' title='bbox 1023 2857 1181 2917; x_wconf 86' lang='lat' dir='ltr'>laberentur,</span> <span class='ocrx_word' id='word_1_323' title='bbox 1193 2862 1220 2903; x_wconf 87' lang='lat' dir='ltr'>et</span> <span class='ocrx_word' id='word_1_324' title='bbox 1231 2855 1313 2902; x_wconf 88' lang='lat' dir='ltr'>minus</span> <span class='ocrx_word' id='word_1_325' title='bbox 1325 2855 1362 2902; x_wconf 90' lang='lat' dir='ltr'>in-</span> 
     </span>
     <span class='ocr_line' id='line_1_34' title="bbox 263 2931 1364 3000; baseline 0 -18"><span class='ocrx_word' id='word_1_326' title='bbox 263 2939 351 2992; x_wconf 87' lang='lat' dir='ltr'>seutr;</span> <span class='ocrx_word' id='word_1_327' title='bbox 364 2947 396 2981; x_wconf 91' lang='lat' dir='ltr'>ne</span> <span class='ocrx_word' id='word_1_328' title='bbox 406 2932 533 2982; x_wconf 88' lang='lat' dir='ltr'>nudarent</span> <span class='ocrx_word' id='word_1_329' title='bbox 541 2948 663 2998; x_wconf 78' lang='lat' dir='ltr'>corpora3</span> <span class='ocrx_word' id='word_1_330' title='bbox 674 2937 719 2985; x_wconf 90' lang='lat' dir='ltr'>sed</span> <span class='ocrx_word' id='word_1_331' title='bbox 732 2952 796 3000; x_wconf 71' lang='lat' dir='ltr'>pra.</span> <span class='ocrx_word' id='word_1_332' title='bbox 834 2933 918 2982; x_wconf 86' lang='lat' dir='ltr'>sidere</span> <span class='ocrx_word' id='word_1_333' title='bbox 926 2941 1031 2996; x_wconf 89' lang='lat' dir='ltr'>possent</span> <span class='ocrx_word' id='word_1_334' title='bbox 1041 2940 1087 2981; x_wconf 91' lang='lat' dir='ltr'>aut</span> <span class='ocrx_word' id='word_1_335' title='bbox 1098 2931 1178 2993; x_wconf 80' lang='lat' dir='ltr'>infigi.</span> <span class='ocrx_word' id='word_1_336' title='bbox 1206 2931 1237 2978; x_wconf 90' lang='lat' dir='ltr'>ln</span> <span class='ocrx_word' id='word_1_337' title='bbox 1246 2931 1291 2979; x_wconf 88' lang='lat' dir='ltr'>has</span> <span class='ocrx_word' id='word_1_338' title='bbox 1301 2945 1364 2993; x_wconf 82' lang='lat' dir='ltr'>ergo</span> 
     </span>
     <span class='ocr_line' id='line_1_35' title="bbox 266 3008 1362 3078; baseline -0.001 -21"><span class='ocrx_word' id='word_1_339' title='bbox 266 3015 337 3058; x_wconf 84' lang='lat' dir='ltr'>tecta</span> <span class='ocrx_word' id='word_1_340' title='bbox 352 3010 520 3072; x_wconf 74' lang='lat' dir='ltr'>pugnantium</span> <span class='ocrx_word' id='word_1_341' title='bbox 532 3025 610 3061; x_wconf 88' lang='lat' dir='ltr'>more.</span> <span class='ocrx_word' id='word_1_342' title='bbox 644 3012 796 3078; x_wconf 85' lang='lat' dir='ltr'>Itanecip·</span> <span class='ocrx_word' id='word_1_343' title='bbox 834 3010 977 3060; x_wconf 88' lang='lat' dir='ltr'>testudines</span> <span class='ocrx_word' id='word_1_344' title='bbox 990 3009 1168 3073; x_wconf 89' lang='lat' dir='ltr'>manipulatim</span> <span class='ocrx_word' id='word_1_345' title='bbox 1179 3016 1224 3055; x_wconf 90' lang='lat' dir='ltr'>aut</span> <span class='ocrx_word' id='word_1_346' title='bbox 1235 3008 1362 3056; x_wconf 88' lang='lat' dir='ltr'>centuria-</span> 
     </span>
     <span class='ocr_line' id='line_1_36' title="bbox 265 3083 1366 3149; baseline -0.003 -14"><span class='ocrx_word' id='word_1_347' title='bbox 265 3086 414 3135; x_wconf 81' lang='lat' dir='ltr'>sostelaex</span> <span class='ocrx_word' id='word_1_348' title='bbox 431 3087 796 3139; x_wconf 77' lang='lat' dir='ltr'>mnromissasnbenuteslae-</span> <span class='ocrx_word' id='word_1_349' title='bbox 834 3085 1127 3149; x_wconf 80' lang='lat' dir='ltr'>timseconglobabant.</span> <span class='ocrx_word' id='word_1_350' title='bbox 1163 3083 1247 3147; x_wconf 88' lang='lat' dir='ltr'>Hujus</span> <span class='ocrx_word' id='word_1_351' title='bbox 1259 3083 1366 3132; x_wconf 88' lang='lat' dir='ltr'>testudi-</span> 
     </span>
     <span class='ocr_line' id='line_1_37' title="bbox 266 3160 1364 3228; baseline 0.001 -18"><span class='ocrx_word' id='word_1_352' title='bbox 266 3169 365 3222; x_wconf 88' lang='lat' dir='ltr'>serunt,</span> <span class='ocrx_word' id='word_1_353' title='bbox 383 3168 411 3210; x_wconf 90' lang='lat' dir='ltr'>et</span> <span class='ocrx_word' id='word_1_354' title='bbox 430 3163 554 3211; x_wconf 86' lang='lat' dir='ltr'>testudini</span> <span class='ocrx_word' id='word_1_355' title='bbox 569 3163 665 3228; x_wconf 87' lang='lat' dir='ltr'>injecta</span> <span class='ocrx_word' id='word_1_356' title='bbox 682 3164 797 3214; x_wconf 87' lang='lat' dir='ltr'>imbricis</span> <span class='ocrx_word' id='word_1_357' title='bbox 834 3164 873 3212; x_wconf 90' lang='lat' dir='ltr'>nis</span> <span class='ocrx_word' id='word_1_358' title='bbox 889 3162 946 3211; x_wconf 86' lang='lat' dir='ltr'>linis</span> <span class='ocrx_word' id='word_1_359' title='bbox 957 3177 1032 3224; x_wconf 86' lang='lat' dir='ltr'>unns,</span> <span class='ocrx_word' id='word_1_360' title='bbox 1052 3161 1193 3210; x_wconf 86' lang='lat' dir='ltr'>succedere</span> <span class='ocrx_word' id='word_1_361' title='bbox 1212 3169 1238 3209; x_wconf 94' lang='lat' dir='ltr'>et</span> <span class='ocrx_word' id='word_1_362' title='bbox 1259 3160 1364 3211; x_wconf 87' lang='lat' dir='ltr'>subrue·</span> 
     </span>
     <span class='ocr_line' id='line_1_38' title="bbox 265 3235 1365 3301; baseline 0 -16"><span class='ocrx_word' id='word_1_363' title='bbox 265 3235 407 3286; x_wconf 87' lang='lat' dir='ltr'>inmodum</span> <span class='ocrx_word' id='word_1_364' title='bbox 423 3238 523 3287; x_wconf 91' lang='lat' dir='ltr'>lubrico</span> <span class='ocrx_word' id='word_1_365' title='bbox 534 3238 638 3301; x_wconf 72' lang='lat' dir='ltr'>fastigio</span> <span class='ocrx_word' id='word_1_366' title='bbox 650 3241 754 3291; x_wconf 84' lang='lat' dir='ltr'>innoxia</span> <span class='ocrx_word' id='word_1_367' title='bbox 763 3243 795 3291; x_wconf 90' lang='lat' dir='ltr'>ad</span> <span class='ocrx_word' id='word_1_368' title='bbox 834 3253 879 3288; x_wconf 90' lang='lat' dir='ltr'>re:</span> <span class='ocrx_word' id='word_1_369' title='bbox 906 3238 992 3299; x_wconf 87' lang='lat' dir='ltr'>aliter,</span> <span class='ocrx_word' id='word_1_370' title='bbox 1008 3237 1150 3288; x_wconf 87' lang='lat' dir='ltr'>succedere</span> <span class='ocrx_word' id='word_1_371' title='bbox 1170 3242 1197 3284; x_wconf 91' lang='lat' dir='ltr'>et</span> <span class='ocrx_word' id='word_1_372' title='bbox 1216 3236 1365 3285; x_wconf 86' lang='lat' dir='ltr'>ascendere.</span> 
     </span>
     <span class='ocr_line' id='line_1_39' title="bbox 265 3312 1365 3377; baseline 0 -16"><span class='ocrx_word' id='word_1_373' title='bbox 265 3312 526 3361; x_wconf 73' lang='lat' dir='ltr'>imumiabebantur!</span> <span class='ocrx_word' id='word_1_374' title='bbox 558 3314 688 3366; x_wconf 80' lang='lat' dir='ltr'>Haeciile.</span> <span class='ocrx_word' id='word_1_375' title='bbox 722 3318 796 3368; x_wconf 87' lang='lat' dir='ltr'>Idem</span> <span class='ocrx_word' id='word_1_376' title='bbox 834 3317 902 3365; x_wconf 87' lang='lat' dir='ltr'>Nasu</span> <span class='ocrx_word' id='word_1_377' title='bbox 913 3314 1089 3364; x_wconf 88' lang='lat' dir='ltr'>ascendebant</span> <span class='ocrx_word' id='word_1_378' title='bbox 1099 3314 1143 3363; x_wconf 89' lang='lat' dir='ltr'>aiii</span> <span class='ocrx_word' id='word_1_379' title='bbox 1156 3327 1234 3377; x_wconf 89' lang='lat' dir='ltr'>super</span> <span class='ocrx_word' id='word_1_380' title='bbox 1245 3312 1318 3374; x_wconf 83' lang='lat' dir='ltr'>alius,</span> <span class='ocrx_word' id='word_1_381' title='bbox 1335 3319 1365 3361; x_wconf 92' lang='lat' dir='ltr'>ut</span> 
     </span>
     <span class='ocr_line' id='line_1_40' title="bbox 266 3388 1365 3455; baseline 0.003 -20"><span class='ocrx_word' id='word_1_382' title='bbox 266 3400 346 3452; x_wconf 70' lang='lat' dir='ltr'>genus</span> <span class='ocrx_word' id='word_1_383' title='bbox 368 3388 566 3449; x_wconf 77' lang='lat' dir='ltr'>oppugnationis</span> <span class='ocrx_word' id='word_1_384' title='bbox 584 3391 663 3440; x_wconf 81' lang='lat' dir='ltr'>etiarn</span> <span class='ocrx_word' id='word_1_385' title='bbox 684 3394 797 3444; x_wconf 81' lang='lat' dir='ltr'>Batavos</span> <span class='ocrx_word' id='word_1_386' title='bbox 834 3389 938 3455; x_wconf 80' lang='lat' dir='ltr'>fastigio</span> <span class='ocrx_word' id='word_1_387' title='bbox 950 3391 1092 3440; x_wconf 88' lang='lat' dir='ltr'>altitudinis</span> <span class='ocrx_word' id='word_1_388' title='bbox 1107 3391 1173 3438; x_wconf 89' lang='lat' dir='ltr'>nturi</span> <span class='ocrx_word' id='word_1_389' title='bbox 1191 3396 1365 3453; x_wconf 82' lang='lat' dir='ltr'>sequerentur.</span> 
     </span>
     <span class='ocr_line' id='line_1_41' title="bbox 266 3464 1366 3531; baseline -0.004 -15"><span class='ocrx_word' id='word_1_390' title='bbox 266 3465 523 3516; x_wconf 84' lang='lat' dir='ltr'>nostrosallomanis</span> <span class='ocrx_word' id='word_1_391' title='bbox 535 3465 665 3531; x_wconf 82' lang='lat' dir='ltr'>didicisse,</span> <span class='ocrx_word' id='word_1_392' title='bbox 684 3481 712 3520; x_wconf 90' lang='lat' dir='ltr'>et</span> <span class='ocrx_word' id='word_1_393' title='bbox 724 3486 796 3521; x_wconf 83' lang='lat' dir='ltr'>usur·</span> <span class='ocrx_word' id='word_1_394' title='bbox 834 3466 866 3516; x_wconf 89' lang='lat' dir='ltr'>ld</span> <span class='ocrx_word' id='word_1_395' title='bbox 886 3467 993 3516; x_wconf 75' lang='lat' dir='ltr'>Tacitus</span> <span class='ocrx_word' id='word_1_396' title='bbox 1012 3475 1089 3517; x_wconf 84' lang='lat' dir='ltr'>vocat</span> <span class='ocrx_word' id='word_1_397' title='bbox 1109 3466 1235 3515; x_wconf 82' lang='lat' dir='ltr'>iteratam</span> <span class='ocrx_word' id='word_1_398' title='bbox 1258 3464 1366 3513; x_wconf 87' lang='lat' dir='ltr'>testudi-</span> 
     </span>
     <span class='ocr_line' id='line_1_42' title="bbox 265 3540 1365 3610; baseline -0.001 -19"><span class='ocrx_word' id='word_1_399' title='bbox 265 3555 349 3606; x_wconf 82' lang='lat' dir='ltr'>psrse,</span> <span class='ocrx_word' id='word_1_400' title='bbox 359 3557 392 3590; x_wconf 85' lang='lat' dir='ltr'>ex</span> <span class='ocrx_word' id='word_1_401' title='bbox 402 3541 491 3591; x_wconf 86' lang='lat' dir='ltr'>Tacito</span> <span class='ocrx_word' id='word_1_402' title='bbox 502 3542 617 3605; x_wconf 88' lang='lat' dir='ltr'>probabo</span> <span class='ocrx_word' id='word_1_403' title='bbox 628 3544 694 3594; x_wconf 92' lang='lat' dir='ltr'>libro</span> <span class='ocrx_word' id='word_1_404' title='bbox 703 3555 797 3610; x_wconf 82' lang='lat' dir='ltr'>quarto</span> <span class='ocrx_word' id='word_1_405' title='bbox 834 3557 903 3606; x_wconf 86' lang='lat' dir='ltr'>nem,</span> <span class='ocrx_word' id='word_1_406' title='bbox 918 3550 945 3592; x_wconf 87' lang='lat' dir='ltr'>at</span> <span class='ocrx_word' id='word_1_407' title='bbox 956 3543 1027 3608; x_wconf 87' lang='lat' dir='ltr'>qnasi</span> <span class='ocrx_word' id='word_1_408' title='bbox 1038 3541 1195 3605; x_wconf 88' lang='lat' dir='ltr'>duplicatam</span> <span class='ocrx_word' id='word_1_409' title='bbox 1206 3558 1212 3588; x_wconf 89' lang='lat'>:</span> <span class='ocrx_word' id='word_1_410' title='bbox 1225 3541 1277 3588; x_wconf 87' lang='lat' dir='ltr'>imo</span> <span class='ocrx_word' id='word_1_411' title='bbox 1287 3540 1365 3590; x_wconf 89' lang='lat' dir='ltr'>etiarn</span> 
     </span>
     <span class='ocr_line' id='line_1_43' title="bbox 268 3615 1367 3686; baseline -0.003 -19"><span class='ocrx_word' id='word_1_412' title='bbox 268 3615 450 3667; x_wconf 84' lang='lat' dir='ltr'>Historiarum.</span> <span class='ocrx_word' id='word_1_413' title='bbox 491 3618 537 3681; x_wconf 80' lang='lat' dir='ltr'>De</span> <span class='ocrx_word' id='word_1_414' title='bbox 558 3619 663 3668; x_wconf 85' lang='lat' dir='ltr'>Batavis</span> <span class='ocrx_word' id='word_1_415' title='bbox 684 3619 797 3686; x_wconf 88' lang='lat' dir='ltr'>loquitur</span> <span class='ocrx_word' id='word_1_416' title='bbox 834 3618 907 3668; x_wconf 86' lang='lat' dir='ltr'>tertii</span> <span class='ocrx_word' id='word_1_417' title='bbox 914 3631 993 3681; x_wconf 87' lang='lat' dir='ltr'>snper</span> <span class='ocrx_word' id='word_1_418' title='bbox 1003 3618 1132 3680; x_wconf 87' lang='lat' dir='ltr'>duplicem</span> <span class='ocrx_word' id='word_1_419' title='bbox 1145 3617 1213 3664; x_wconf 86' lang='lat' dir='ltr'>iilam</span> <span class='ocrx_word' id='word_1_420' title='bbox 1224 3617 1316 3664; x_wconf 86' lang='lat' dir='ltr'>seriem</span> <span class='ocrx_word' id='word_1_421' title='bbox 1327 3632 1367 3665; x_wconf 83' lang='lat' dir='ltr'>as·</span> 
     </span>
     <span class='ocr_line' id='line_1_44' title="bbox 266 3692 1365 3759; baseline -0.001 -16"><span class='ocrx_word' id='word_1_422' title='bbox 266 3699 353 3743; x_wconf 84' lang='lat' dir='ltr'>eastra</span> <span class='ocrx_word' id='word_1_423' title='bbox 374 3693 549 3742; x_wconf 86' lang='lat' dir='ltr'>Romanorum</span> <span class='ocrx_word' id='word_1_424' title='bbox 571 3697 794 3759; x_wconf 75' lang='lat' dir='ltr'>oppugnantibus:</span> <span class='ocrx_word' id='word_1_425' title='bbox 835 3694 988 3745; x_wconf 82' lang='lat' dir='ltr'>eruderant.</span> <span class='ocrx_word' id='word_1_426' title='bbox 1020 3692 1265 3743; x_wconf 84' lang='lat' dir='ltr'>Testudoaitersin</span> <span class='ocrx_word' id='word_1_427' title='bbox 1278 3707 1365 3756; x_wconf 78' lang='lat' dir='ltr'>pugna</span> 
     </span>
     <span class='ocr_line' id='line_1_45' title="bbox 267 3767 1367 3836; baseline -0.001 -18"><span class='ocrx_word' id='word_1_428' title='bbox 267 3767 421 3832; x_wconf 79' lang='lat' dir='ltr'>‘Appositis</span> <span class='ocrx_word' id='word_1_429' title='bbox 443 3769 561 3834; x_wconf 87' lang='lat' dir='ltr'>plerique</span> <span class='ocrx_word' id='word_1_430' title='bbox 579 3770 664 3833; x_wconf 88' lang='lat' dir='ltr'>scalis,</span> <span class='ocrx_word' id='word_1_431' title='bbox 686 3773 729 3822; x_wconf 86' lang='lat' dir='ltr'>alii</span> <span class='ocrx_word' id='word_1_432' title='bbox 752 3788 798 3836; x_wconf 91' lang='lat' dir='ltr'>per</span> <span class='ocrx_word' id='word_1_433' title='bbox 836 3778 886 3836; x_wconf 88' lang='lat' dir='ltr'>est,</span> <span class='ocrx_word' id='word_1_434' title='bbox 900 3786 960 3822; x_wconf 88' lang='lat' dir='ltr'>curn</span> <span class='ocrx_word' id='word_1_435' title='bbox 976 3770 1052 3834; x_wconf 74' lang='lat' dir='ltr'>giobo</span> <span class='ocrx_word' id='word_1_436' title='bbox 1063 3768 1144 3829; x_wconf 85' lang='lat' dir='ltr'>facto,</span> <span class='ocrx_word' id='word_1_437' title='bbox 1162 3776 1190 3816; x_wconf 90' lang='lat' dir='ltr'>et</span> <span class='ocrx_word' id='word_1_438' title='bbox 1202 3769 1367 3831; x_wconf 85' lang='lat' dir='ltr'>tectiseutis,</span> 
     </span>
     <span class='ocr_line' id='line_1_46' title="bbox 268 3844 1367 3912; baseline -0.002 -16"><span class='ocrx_word' id='word_1_439' title='bbox 268 3844 422 3897; x_wconf 85' lang='lat' dir='ltr'>testudinem</span> <span class='ocrx_word' id='word_1_440' title='bbox 434 3847 599 3910; x_wconf 88' lang='lat' dir='ltr'>suorumjam</span> <span class='ocrx_word' id='word_1_441' title='bbox 612 3848 715 3912; x_wconf 88' lang='lat' dir='ltr'>quidem</span> <span class='ocrx_word' id='word_1_442' title='bbox 726 3865 798 3900; x_wconf 80' lang='lat' dir='ltr'>seen</span> <span class='ocrx_word' id='word_1_443' title='bbox 835 3849 872 3900; x_wconf 88' lang='lat' dir='ltr'>sic</span> <span class='ocrx_word' id='word_1_444' title='bbox 883 3847 1079 3898; x_wconf 76' lang='lat' dir='ltr'>invadebantur:</span> <span class='ocrx_word' id='word_1_445' title='bbox 1093 3845 1302 3908; x_wconf 87' lang='lat' dir='ltr'>perrumpebant.</span> <span class='ocrx_word' id='word_1_446' title='bbox 1328 3845 1367 3894; x_wconf 83' lang='lat' dir='ltr'>Ea</span> 
     </span>
     <span class='ocr_line' id='line_1_47' title="bbox 267 3919 1366 3990; baseline -0.002 -20"><span class='ocrx_word' id='word_1_447' title='bbox 267 3919 383 3970; x_wconf 68' lang='lat' dir='ltr'>debant!</span> <span class='ocrx_word' id='word_1_448' title='bbox 409 3919 491 3968; x_wconf 87' lang='lat' dir='ltr'>Simili</span> <span class='ocrx_word' id='word_1_449' title='bbox 499 3921 630 3970; x_wconf 88' lang='lat' dir='ltr'>testudine</span> <span class='ocrx_word' id='word_1_450' title='bbox 640 3923 728 3974; x_wconf 85' lang='lat' dir='ltr'>Persae</span> <span class='ocrx_word' id='word_1_451' title='bbox 737 3940 797 3990; x_wconf 87' lang='lat' dir='ltr'>quu-</span> <span class='ocrx_word' id='word_1_452' title='bbox 836 3924 954 3975; x_wconf 85' lang='lat' dir='ltr'>densatio</span> <span class='ocrx_word' id='word_1_453' title='bbox 964 3921 1038 3972; x_wconf 83' lang='lat' dir='ltr'>firma</span> <span class='ocrx_word' id='word_1_454' title='bbox 1055 3920 1178 3986; x_wconf 74' lang='lat' dir='ltr'>utiinqne</span> <span class='ocrx_word' id='word_1_455' title='bbox 1195 3919 1243 3968; x_wconf 88' lang='lat' dir='ltr'>iuit</span> <span class='ocrx_word' id='word_1_456' title='bbox 1258 3921 1284 3969; x_wconf 86' lang='lat' dir='ltr'>in</span> <span class='ocrx_word' id='word_1_457' title='bbox 1296 3921 1366 3983; x_wconf 89' lang='lat' dir='ltr'>eqni·</span> 
     </span>
     <span class='ocr_line' id='line_1_48' title="bbox 269 3996 1365 4064; baseline -0.002 -18"><span class='ocrx_word' id='word_1_458' title='bbox 269 4010 320 4062; x_wconf 88' lang='lat' dir='ltr'>que</span> <span class='ocrx_word' id='word_1_459' title='bbox 329 4010 416 4060; x_wconf 74' lang='lat' dir='ltr'>regern</span> <span class='ocrx_word' id='word_1_460' title='bbox 427 3996 683 4046; x_wconf 85' lang='lat' dir='ltr'>snumabaiistarunr</span> <span class='ocrx_word' id='word_1_461' title='bbox 693 4000 797 4064; x_wconf 89' lang='lat' dir='ltr'>ictibus,</span> <span class='ocrx_word' id='word_1_462' title='bbox 837 4009 919 4051; x_wconf 86' lang='lat' dir='ltr'>tatum</span> <span class='ocrx_word' id='word_1_463' title='bbox 938 3999 1126 4064; x_wconf 85' lang='lat' dir='ltr'>repellendum.</span> <span class='ocrx_word' id='word_1_464' title='bbox 1159 3997 1190 4049; x_wconf 89' lang='lat' dir='ltr'>In</span> <span class='ocrx_word' id='word_1_465' title='bbox 1210 3997 1258 4045; x_wconf 88' lang='lat' dir='ltr'>bac</span> <span class='ocrx_word' id='word_1_466' title='bbox 1279 4003 1365 4044; x_wconf 83' lang='lat' dir='ltr'>autern</span> 
     </span>
     <span class='ocr_line' id='line_1_49' title="bbox 268 4071 1366 4135; baseline -0.002 -15"><span class='ocrx_word' id='word_1_467' title='bbox 268 4079 297 4121; x_wconf 89' lang='lat' dir='ltr'>et</span> <span class='ocrx_word' id='word_1_468' title='bbox 313 4073 466 4135; x_wconf 80' lang='lat' dir='ltr'>sagittarunt</span> <span class='ocrx_word' id='word_1_469' title='bbox 482 4071 646 4121; x_wconf 88' lang='lat' dir='ltr'>multitudine</span> <span class='ocrx_word' id='word_1_470' title='bbox 662 4087 799 4125; x_wconf 85' lang='lat' dir='ltr'>servavere</span> <span class='ocrx_word' id='word_1_471' title='bbox 836 4075 949 4127; x_wconf 84' lang='lat' dir='ltr'>secunda</span> <span class='ocrx_word' id='word_1_472' title='bbox 961 4073 1094 4124; x_wconf 89' lang='lat' dir='ltr'>testudine</span> <span class='ocrx_word' id='word_1_473' title='bbox 1106 4087 1154 4124; x_wconf 91' lang='lat' dir='ltr'>nee</span> <span class='ocrx_word' id='word_1_474' title='bbox 1165 4073 1249 4121; x_wconf 85' lang='lat' dir='ltr'>latera</span> <span class='ocrx_word' id='word_1_475' title='bbox 1265 4084 1366 4132; x_wconf 87' lang='lat' dir='ltr'>semper</span> 
     </span>
     <span class='ocr_line' id='line_1_50' title="bbox 266 4146 1366 4217; baseline -0.002 -20"><span class='ocrx_word' id='word_1_476' title='bbox 266 4148 439 4198; x_wconf 82' lang='lat' dir='ltr'>incolumem:</span> <span class='ocrx_word' id='word_1_477' title='bbox 457 4146 527 4212; x_wconf 88' lang='lat' dir='ltr'>apud</span> <span class='ocrx_word' id='word_1_478' title='bbox 547 4146 710 4200; x_wconf 83' lang='lat' dir='ltr'>Ammiuutrnr</span> <span class='ocrx_word' id='word_1_479' title='bbox 731 4151 799 4202; x_wconf 87' lang='lat' dir='ltr'>libro</span> <span class='ocrx_word' id='word_1_480' title='bbox 837 4159 919 4217; x_wconf 83' lang='lat' dir='ltr'>tecte,</span> <span class='ocrx_word' id='word_1_481' title='bbox 930 4167 977 4203; x_wconf 88' lang='lat' dir='ltr'>nec</span> <span class='ocrx_word' id='word_1_482' title='bbox 989 4153 1050 4202; x_wconf 86' lang='lat' dir='ltr'>item</span> <span class='ocrx_word' id='word_1_483' title='bbox 1062 4149 1189 4201; x_wconf 88' lang='lat' dir='ltr'>subsessio</span> <span class='ocrx_word' id='word_1_484' title='bbox 1200 4148 1243 4196; x_wconf 82' lang='lat' dir='ltr'>&#39;rita</span> <span class='ocrx_word' id='word_1_485' title='bbox 1255 4152 1283 4196; x_wconf 92' lang='lat' dir='ltr'>et</span> <span class='ocrx_word' id='word_1_486' title='bbox 1294 4147 1366 4196; x_wconf 85' lang='lat' dir='ltr'>incli-</span> 
     </span>
    </p>
   </div>
   <div class='ocr_carea' id='block_1_3' title="bbox 268 4221 1367 4303">
    <p class='ocr_par' dir='ltr' id='par_1_3' title="bbox 268 4221 1367 4303">
     <span class='ocr_line' id='line_1_51' title="bbox 268 4221 1367 4303; baseline 0 -31"><span class='ocrx_word' id='word_1_487' title='bbox 268 4222 402 4303; x_wconf 67' lang='lat' dir='ltr'>alqesimo.</span> <span class='ocrx_word' id='word_1_488' title='bbox 421 4224 543 4289; x_wconf 85' lang='lat' dir='ltr'>Ejusdem</span> <span class='ocrx_word' id='word_1_489' title='bbox 554 4239 656 4293; x_wconf 84' lang='lat' dir='ltr'>quoqne</span> <span class='ocrx_word' id='word_1_490' title='bbox 667 4227 738 4281; x_wconf 85' lang='lat' dir='ltr'>urodi</span> <span class='ocrx_word' id='word_1_491' title='bbox 749 4237 800 4282; x_wconf 85' lang='lat' dir='ltr'>tes·</span> <span class='ocrx_word' id='word_1_492' title='bbox 837 4229 908 4281; x_wconf 85' lang='lat' dir='ltr'>natio</span> <span class='ocrx_word' id='word_1_493' title='bbox 918 4242 966 4294; x_wconf 87' lang='lat' dir='ltr'>per</span> <span class='ocrx_word' id='word_1_494' title='bbox 974 4227 1079 4294; x_wconf 74' lang='lat' dir='ltr'>gradus.</span> <span class='ocrx_word' id='word_1_495' title='bbox 1111 4223 1204 4276; x_wconf 82' lang='lat' dir='ltr'>Tertia</span> <span class='ocrx_word' id='word_1_496' title='bbox 1212 4221 1317 4273; x_wconf 83' lang='lat' dir='ltr'>testudo</span> <span class='ocrx_word' id='word_1_497' title='bbox 1326 4231 1367 4272; x_wconf 85' lang='lat' dir='ltr'>est</span> 
     </span>
    </p>
   </div>
   <div class='ocr_carea' id='block_1_4' title="bbox 0 0 1518 5040">
    <p class='ocr_par' dir='ltr' id='par_1_4' title="bbox 0 0 1518 5040">
     <span class='ocr_line' id='line_1_52' title="bbox 0 0 1518 5040; baseline 0 0"><span class='ocrx_word' id='word_1_498' title='bbox 0 0 1518 5040; x_wconf 95' lang='lat' dir='ltr'> </span> 
     </span>
    </p>
   </div>
  </div>
 </body>
</html>
