3000 5040
402 343 554 395 nonensi
578 342 745 394 osrrnrr.
790 346 875 395 cir.
897 332 952 397 47.
1163 334 1228 403 did

160 489 392 551 murmanus,
411 490 472 552 qood
486 493 577 552 prator
594 493 655 552 out,
693 491 717 536 et
728 488 830 550 omisso,
843 489 944 553 majore
962 502 1020 541 curn
1040 490 1126 554 gratia
1143 495 1172 540 et
1183 504 1227 540 ve·

124 562 475 633 iposrsosatesesspordseit]
499 563 543 613 Sic
563 564 587 612 in
600 564 656 627 qui·
694 569 805 626 nurture,
817 580 891 629 quem
902 567 924 614 si
935 566 1056 618 addatur.
1074 568 1170 618 Rivius.
1229 630 1232 636 ι

126 643 244 704 busdam,
256 642 298 692 nbi
310 641 459 704 Gymnicus,
470 639 656 689 consentienti·
728 637 792 693 Quid
802 645 843 688 ont
853 655 898 703 qao
908 643 937 691 de
947 657 1017 692 cuasa
1028 643 1122 692 consilii
1134 642 1228 695 loisis·

125 718 175 769 bns
186 716 524 780 manuscriptis,issesoiom
532 716 657 778 perducit:
694 715 741 778 set]
765 714 890 765 Ordinem
901 723 973 779 puto,
990 719 1046 781 qaid
1063 718 1164 782 mositii,
1182 725 1226 770 nat

126 795 242 861 quemuis
253 802 339 843 nutem
350 807 397 843 nec
409 793 535 843 Aretinns
549 793 599 841 lroc
613 791 657 841 ud·
695 807 742 854 qno
760 792 790 840 de
807 808 876 842 causo
894 791 1024 843 omnum
1048 801 1120 844 vetus
1139 796 1225 848 codex

126 870 175 934 dit,
192 870 252 920 milri
270 877 354 920 tamen
373 869 573 935 relinquendum
599 883 657 920 esse
696 866 915 917 Gotlrihobebat:
928 870 1227 934 Posompioeosrilii,

125 946 233 996 ridetur.
251 946 348 996 Rioiao.
694 944 1044 1006 supereminemus.
1077 948 1225 999 Esttameu

156 1020 310 1083 Concordia]
353 1021 487 1087 Templum
505 1020 656 1072 concordie
694 1020 801 1070 dicendi
823 1021 872 1070 hoc
896 1034 977 1084 genus
998 1021 1145 1073 notsndum.
1191 1025 1227 1074 Et

121 1096 258 1154 Camillum
286 1098 397 1161 vovisse,
424 1097 514 1147 ovidii
542 1095 657 1147 carmina
686 1094 740 1161 fido
754 1096 860 1160 publicu,
880 1097 931 1147 noe
948 1104 998 1158 est,
1017 1097 1157 1160 impunitate
1173 1115 1227 1162 pro·

122 1187 181 1238 qum
198 1179 353 1237 sequnntur,
369 1174 526 1225 ostendunt:
544 1172 657 1223 ‘Furias
693 1173 765 1221 misso
783 1172 915 1233 Volturcio,
928 1180 1001 1224 recte
1013 1175 1162 1238 expositum
1172 1183 1229 1238 est;

123 1247 246 1312 antiquus
267 1249 358 1313 populi
377 1256 514 1313 sumator
533 1249 657 1298 Hetrusci
694 1249 790 1314 qnippe
806 1250 849 1299 cui
862 1250 939 1313 paulo
952 1258 1013 1314 post
1024 1250 1131 1313 proemia
1142 1250 1230 1300 decer·

121 1325 248 1387 voverat,
262 1333 290 1375 et
301 1325 355 1375 voti
373 1326 487 1375 solverat
504 1325 550 1375 ille
568 1324 656 1375 iidem.
694 1335 801 1377 nontur.
833 1328 899 1377 Cum
912 1342 973 1377 vero
985 1327 1087 1392 inquit:
1104 1327 1226 1379 sidilum·

122 1399 657 1466 ConsequodaPatribussumptisseces·
691 1405 753 1467 plius
770 1407 829 1456 seire
845 1421 916 1470 pom
935 1408 1042 1468 legoton
1068 1407 1229 1456 tantammodo

123 1485 195 1530 seret
205 1480 282 1529 armis
293 1480 404 1544 Vulgus,
422 1487 450 1529 et
469 1480 527 1543 ipsa
538 1480 657 1529 snasilo·
693 1483 777 1531 ordin
796 1483 899 1544 solitum,
918 1484 958 1544 irc.
1000 1481 1054 1531 Hic
1075 1494 1229 1545 quamquam

121 1554 381 1620 mstimebotopes!
414 1555 474 1605 Hoc
494 1553 657 1618 ternplumin
694 1556 821 1620 distingui
830 1565 924 1620 potest,
936 1556 1000 1607 illud
1010 1565 1098 1605 tamen
1110 1571 1142 1605 ex
1153 1554 1230 1604 Gall-

14 1670 29 1696 ,
121 1627 179 1678 toro
191 1628 282 1693 inisse,
292 1631 374 1680 refert
383 1630 551 1680 Plutarchus.
572 1632 658 1680 Varro
694 1631 744 1689 uio,
755 1631 833 1681 etiarn
843 1646 876 1680 ex
885 1632 978 1694 legetis
989 1631 1104 1681 auditum
1115 1629 1231 1696 intelligi

124 1709 213 1753 antem
234 1705 304 1755 inter
325 1707 484 1770 Capitolium
509 1702 538 1757 et
564 1706 659 1769 iorum,
696 1707 762 1755 ruit.
795 1705 867 1753 Idem
890 1714 965 1755 retus
986 1706 1069 1755 codex
1090 1704 1228 1770 distinguit

124 1777 167 1827 cui
180 1778 354 1843 adstipulatur
373 1782 400 1832 S.
412 1780 562 1844 Pompejns.
594 1782 661 1832 Erat
697 1786 758 1844 post
766 1782 863 1842 kgotoa
896 1780 946 1829 Sed
956 1781 1025 1841 ride,
1035 1780 1166 1845 ntoppido
1177 1783 1229 1831 ele·

125 1853 250 1903 enimaut
258 1855 284 1904 in
294 1853 359 1918 soro,
367 1861 412 1905 aut
423 1854 482 1905 foro
490 1871 659 1919 prosumnm3
697 1863 793 1921 gauter
804 1856 915 1905 voluerit
930 1855 1065 1906 Sallustius
1080 1857 1228 1921 impostoris

124 1944 186 1979 nam
198 1936 227 1980 et
246 1931 365 1980 Valerius
383 1931 454 1981 Max.
477 1938 660 1982 commemoret
697 1932 939 1996 tergiversationem
958 1932 1063 1981 Lectori
1085 1931 1119 1982 ob
1139 1933 1227 1983 oculos

121 2005 304 2069 Sempronium
312 2006 460 2057 Aselionem
471 2007 659 2071 proedecon
695 2022 803 2071 ponere.
836 2008 904 2057 Nam
917 2007 1053 2058 itafacero
1069 2009 1163 2072 solent,
1182 2007 1229 2073 qni

123 2081 220 2132 cordiae
231 2082 388 2132 sacrificium
397 2083 537 2134 facientem
549 2085 582 2134 ab
595 2084 656 2149 ipris
693 2083 779 2132 omnio
806 2089 834 2133 et
856 2082 978 2134 simulant
999 2090 1028 2134 et
1053 2083 1228 2136 dissimulant.

123 2155 250 2207 diesibus
268 2172 285 2207 a
295 2157 465 2208 creditoribus
477 2157 568 2224 tingere
580 2167 655 2210 extra
693 2161 808 2211 Glorior.

123 2233 209 2284 iorum
224 2242 353 2286 coactum.
387 2237 458 2286 Octo
475 2237 594 2301 ingentes
611 2253 654 2288 co·
723 2238 968 2303 Priuofingereolio
978 2238 1068 2301 omnio,
1083 2237 1231 2286 dissimulem

121 2311 216 2363 lnmne
224 2311 353 2377 hodieque
364 2319 458 2363 extent
468 2312 495 2362 iu
508 2313 597 2362 radice
606 2314 655 2364 Co·
692 2313 905 2376 decorparntioue]
933 2313 964 2361 In
984 2313 1053 2361 lrunc
1073 2310 1178 2360 modom
1189 2317 1231 2362 est

121 2389 227 2452 pitoliui
245 2390 347 2440 montis.
380 2389 412 2438 io
430 2403 530 2453 pronao
540 2390 657 2452 ejusdem
694 2389 735 2436 hic
748 2387 1036 2450 distingneudnslocus,
1047 2394 1140 2438 contra
1152 2402 1230 2453 quoru

124 2465 216 2528 templi
233 2463 422 2513 iuitliictoria.
455 2462 580 2526 Ejusdem
596 2470 659 2513 tem·
697 2463 723 2512 iu
743 2464 931 2513 recentioribus
947 2464 1074 2514 habetur:
1092 2480 1161 2527 nam,
1179 2463 1229 2515 olio

124 2541 164 2604 pli
186 2540 264 2591 etiarn
291 2541 348 2590 Cic.
371 2539 490 2589 meminit
517 2538 613 2602 Philip.
634 2544 659 2589 t.
697 2540 784 2602 omnio,
802 2539 932 2602 prioribus
944 2538 1034 2602 addes,
1052 2554 1102 2591 non
1120 2555 1228 2605 sequen·

124 2615 300 2667 Habebuntnr
316 2622 444 2680 preterea
461 2616 487 2665 in
498 2615 550 2664 hoc
563 2616 660 2679 templo
699 2614 777 2665 tibus.
795 2614 890 2665 Rivius.

122 2695 236 2744 Senatus
264 2700 291 2741 et
310 2693 452 2765 orationes,
473 2698 503 2740 nt
520 2691 589 2740 idem
610 2705 659 2755 pro
728 2691 785 2741 Alio
805 2690 895 2754 omnio]
927 2691 969 2741 Ex
991 2691 1097 2758 antiqno
1119 2690 1229 2747 tomus

123 2769 214 2821 Sextio
229 2777 256 2818 et
268 2769 433 2832 Lampridius
445 2775 583 2819 testantur.
616 2768 659 2818 lta
694 2767 830 2837 Sallustiup
841 2768 936 2833 posuit,
951 2783 1000 2832 pro
1010 2770 1139 2820 contraria
1149 2777 1178 2821 et
1189 2770 1228 2822 di·

125 2848 193 2898 enim
205 2848 369 2912 Lampridius
389 2847 489 2912 inquit:
508 2848 599 2896 ‘Cnm-
613 2848 657 2895 Se·
694 2857 777 2895 versa.
809 2844 914 2906 ‘le
936 2851 965 2894 nt
983 2845 1131 2909 Festnsnit,
1149 2847 1228 2900 ‘cunr

122 2931 198 2981 natus
214 2924 335 2990 frequens
355 2925 381 2974 in
405 2923 514 2986 coriam,
531 2924 579 2973 lroc
603 2930 655 2984 est,
694 2920 821 2970 Consules
836 2921 992 2972 sententiam
1009 2930 1143 2973 senatorer
1154 2937 1229 2985 roga-

124 3002 153 3052 in
164 3001 244 3052 edem
255 3001 418 3061 Coucordiae,
435 3000 562 3064 templum
578 3013 657 3062 sugn-
693 3003 763 3059 rant,
780 2996 873 3046 ominis
884 2997 979 3060 gratia,
996 3010 1029 3044 ne
1040 2998 1169 3056 dicerent,
1186 2996 1230 3061 qui

126 3086 212 3130 rstnm
235 3077 413 3129 convenisset!
459 3077 533 3126 Vsrii
559 3076 657 3140 alioqui
694 3085 746 3119 non
765 3072 888 3133 censetis,
909 3071 1046 3133 preibrnt,
1067 3071 1109 3119 his
1128 3071 1229 3124 verbiss

126 3152 200 3204 inere
212 3161 352 3203 conuentus
363 3154 390 3201 iu
401 3153 474 3201 euris
490 3152 616 3214 Hostilia,
630 3153 657 3200 in
697 3146 742 3212 qni
754 3146 805 3195 alia
815 3147 910 3211 omnia,
922 3148 947 3196 in
959 3147 1025 3196 hunc
1037 3153 1154 3211 portem3
1170 3162 1229 3200 cnm

128 3228 268 3293 capitolio,
289 3227 352 3277 alibi
375 3240 422 3289 pro
442 3225 542 3276 ratione
561 3233 659 3290 tempo-
697 3224 768 3286 prius
780 3223 917 3287 dixissent,
928 3224 971 3289 qni
980 3225 1029 3275 lroc
1038 3226 1158 3290 censetis,
1167 3225 1230 3279 illuc

126 3320 194 3356 rum.
236 3304 264 3353 S.
285 3302 427 3366 Pompejns
450 3316 483 3350 ax
510 3301 659 3353 Nicostrato
697 3299 827 3350 transire:
849 3301 930 3352 Ursis.

125 3378 257 3430 memorie
277 3376 403 3441 prodidit,
419 3377 659 3428 ‘senaculailomre
729 3378 765 3426 Ar
792 3376 918 3427 laestalm
944 3379 1130 3430 dudmalmters
1162 3394 1229 3431 soor·

125 3457 175 3506 tria
187 3454 282 3505 fuisse:
300 3453 396 3517 nnnm,’
412 3453 506 3518 inquit,
518 3453 526 3480 ‘
539 3453 582 3503 nbi
592 3469 660 3505 nnnc
695 3451 785 3515 aaut]
809 3453 916 3503 Rectius
926 3455 952 3503 in
964 3470 988 3504 v.
1005 3470 1029 3505 c.
1046 3456 1082 3505 Ac
1092 3455 1228 3518 maloin,

125 3531 196 3581 mdes
209 3530 660 3593 eoncordia,intercipientiumet
696 3531 737 3591 250.
765 3537 793 3579 et
812 3531 971 3594 paulopost:
991 3532 1123 3582 Abdicatus
1139 3534 1229 3594 ungis·

125 3605 220 3669 forum,
240 3609 267 3657 in
285 3621 337 3672 quo
355 3605 475 3656 solebant
496 3607 659 3670 magistratus
696 3607 823 3667 trutmde
840 3621 897 3656 curu
918 3607 944 3654 in
955 3608 1066 3669 uolgatis
1085 3607 1159 3657 libris
1177 3607 1229 3658 sit:

125 3699 185 3734 curn
203 3684 347 3734 senioribus
367 3683 530 3733 deliberare·
548 3685 658 3734 alterurn
697 3680 814 3730 Addicnto
831 3682 981 3744 magistrats.
1024 3684 1101 3735 Quod
1118 3700 1170 3734 non
1191 3684 1231 3754 its

127 3760 163 3809 ad
179 3768 280 3824 portam
299 3761 448 3824 Capenam:
467 3760 574 3810 tortium
593 3761 660 3811 intra
698 3759 791 3822 resipit
802 3768 918 3809 veterem
930 3758 1065 3812 formulam
1075 3763 1228 3811 Romanam.

130 3835 214 3885 edem
235 3837 357 3899 Bellone,
383 3837 411 3885 in
433 3849 485 3899 quo
511 3842 658 3885 exterorum
701 3835 782 3885 Ursis

127 3911 264 3965 munuum
281 3913 383 3975 legatis,
400 3910 659 3976 quosinnrbemad-
729 3910 865 3976 Sibyllinis]
900 3914 983 3979 Nugas
1006 3918 1116 3963 suntet
1139 3906 1230 3959 deliria

126 3987 235 4038 mittere
256 3987 387 4048 nolebant,
406 3993 511 4036 senatus
531 3985 660 4036 dabatur!
698 3988 939 4053 Grammaticorum,
959 3991 1001 4054 qni
1017 3986 1142 4047 Sibyllam
1157 3983 1230 4046 qussi

127 4067 255 4117 Martiam
269 4079 302 4115 rr.
316 4068 354 4114 lo.
697 4065 748 4113 oroi
762 4066 853 4124 Boulis
871 4066 969 4116 drotum
980 4061 1138 4112 existimant.
1174 4057 1228 4110 Nu·

161 4143 227 4194 Cer.
243 4146 275 4193 tl
303 4141 436 4191 Volturcius
455 4141 660 4203 isstmogotasde
697 4156 746 4205 qne
764 4156 841 4202 euim,
859 4149 888 4188 nt
899 4140 999 4196 volunt,
1019 4130 1083 4179 orsis
1100 4133 1172 4182 Deos
1184 4148 1229 4198 ap·

130 4216 224 4280 itinere
235 4220 296 4270 etde
305 4217 406 4281 littoeis]
430 4218 462 4268 ln
474 4218 659 4282 Manuscriptis
698 4215 798 4276 pellant
807 4213 902 4270 AEolos,
912 4211 957 4259 sed
971 4211 1095 4271 meones,
1107 4213 1136 4257 ut
1148 4206 1231 4274 Hesp·

128 4296 161 4356 et
172 4293 429 4364 uiieuuqnioripm
444 4302 487 4348 ut
504 4296 551 4350 ω.
566 4294 661 4359 copule
697 4289 770 4339 chius
785 4286 872 4336 docet.
905 4285 1042 4336 Proterea
1052 4283 1122 4336 nula
1129 4284 1233 4354 tityus
