3000 5040
192 359 258 425 ³80
534 373 641 422 noun
666 372 869 421 vnnronmu
893 374 933 421 rn

192 529 250 565 esse
261 513 354 578 primos
365 528 391 562 se
399 513 510 562 omnium
520 528 604 563 rerum
616 514 725 564 volunt!
763 515 843 563 sentit
856 499 968 564 Plato'iu
981 515 1099 577 Cratyio.
1118 515 1252 566 orannim.

193 589 323 637 Eodemm
335 588 374 635 dn
384 602 405 636 rt
425 590 527 638 Tuscul.
539 590 649 641 Cicero:
663 592 726 640 ‘Est
795 590 842 638 Sed
854 591 928 637 orunia
939 594 1018 638 nostro
1031 589 1065 637 eis
1080 590 1106 638 irs
1117 592 1194 639 antimo
1205 596 1229 639 et
1245 605 1297 639 cor·

193 665 262 712 enirn
282 663 410 725 quoddam
431 678 509 727 genus
526 681 614 715 eorrrm
634 667 678 731 qui
697 681 725 715 se
762 682 817 729 pore
836 667 882 713 situ
904 665 953 727 est]
994 667 1159 728 Enemplaria
1181 681 1295 716 mannae.

193 742 358 805 philosophus
381 745 507 806 appellari
528 749 618 794 volunt
626 746 641 795 :'
669 761 726 809 pro,
764 742 812 791 Sed
822 748 902 790 nostru
913 742 988 789 omnis
997 743 1048 788 ris:
1059 741 1187 804 quomodo
1199 752 1226 790 et
1237 745 1296 789 Ser-

192 816 385 881 ‘quiappelluri
395 821 539 882 plulnsopbi
550 825 635 869 volum
645 821 725 870 :’num
763 819 818 866 vius
832 819 858 866 in
872 818 1002 880 Georgica
1021 816 1121 877 i'irgtiii
1138 817 1217 862 citat:
1235 831 1293 879 qnae

194 893 232 941 aie
245 895 365 942 usitatius
378 895 481 944 dicitur.
515 897 620 945 Terent.
631 897 655 943 iu
673 894 726 944 Au·
763 894 823 956 quin
833 900 860 940 et
870 892 968 939 mollior
981 900 1006 938 et
1019 890 1128 949 artarier,
1139 898 1216 951 atque
1228 890 1294 940 adeo

195 969 264 1018 dria:
293 971 423 1020 ‘Uxorem
444 972 565 1021 decrerat
587 972 648 1019 «lure
671 984 726 1018 sese
763 970 848 1017 rerior
864 968 1039 1031 sinceriorque
1061 967 1137 1014 lertio
1156 967 1200 1024 sit,
1219 965 1295 1035 dubi;

194 1046 256 1094 mibi
276 1047 372 1096 nodie!
406 1050 450 1109 Et,
471 1052 556 1099 ‘Qum
579 1062 636 1097 aeae
657 1046 725 1094 inho·
764 1045 811 1091 tari
824 1045 926 1092 minime
946 1044 1033 1092 debet.
1067 1030 1295 1092 Consuleaurindr

194 1129 268 1171 ueste
281 1126 382 1185 optavit
401 1139 491 1184 parare
510 1126 552 1171 bic
570 1122 671 1171 divitias
683 1136 726 1183 po·
758 1118 895 1181 judicium,
907 1134 937 1166 sc
954 1119 1042 1167 statim
1057 1119 1163 1174 senties,
1175 1131 1250 1179 qnam
1267 1124 1296 1165 et

194 1199 255 1259 tius,
267 1215 342 1261 quam
355 1201 380 1246 in
400 1200 484 1262 patria
504 1200 609 1247 honeste
628 1212 727 1261 pauper
764 1195 863 1241 dirriter
882 1202 910 1242 et
930 1207 1023 1255 aspere
1044 1193 1295 1255 concurrerimus,

193 1275 313 1325 virere:'
344 1276 385 1323 ubi
408 1275 485 1322 etium
509 1274 658 1336 pronomine
679 1288 728 1323 sese
763 1271 1082 1330 aninittoomntssostro.
1117 1270 1294 1320 Quantovero

194 1351 298 1411 omisso,
310 1358 395 1398 tmuen
409 1362 499 1396 sensus
512 1356 622 1397 constat.
657 1349 727 1400 Quo·
764 1347 923 1395 numerosius
940 1354 990 1406 est,
1010 1352 1105 1409 quanto
1115 1345 1200 1407 aptius
1212 1350 1296 1407 sonat,

193 1426 270 1475 morlo
282 1432 309 1472 et
321 1426 345 1470 iu
363 1424 408 1471 iilo
421 1424 484 1470 Livii
498 1437 528 1471 rr.
547 1424 663 1473 Decadis
676 1432 727 1474 ter·
764 1424 785 1471 si
798 1424 933 1471 verborum
946 1424 1061 1471 ordinum
1073 1423 1201 1485 immutes,
1215 1428 1295 1471 nostru

194 1500 247 1560 tiae,
263 1498 333 1547 ‘Qui
349 1511 377 1545 se
390 1497 544 1558 hemmoni,
560 1513 636 1562 quam
649 1500 729 1563 terpi-
764 1501 839 1548 oinnis
855 1502 902 1549 nis:
921 1501 970 1561 vel,
992 1508 1021 1549 ut
1041 1499 1065 1546 iu
1087 1500 1295 1562 blerseburgensi

195 1583 236 1624 ter
249 1576 337 1623 virere
348 1573 455 1621 maluit!
475 1574 571 1621 Rivius.
765 1574 874 1638 quodam
886 1582 936 1637 est,
949 1577 1170 1625 nursinensis:
1188 1592 1245 1625 tram
1257 1577 1294 1626 sie

228 1647 507 1710 Caetubnuimoatiima]
536 1649 728 1712 Scriptiornnes
764 1652 798 1700 ibi
811 1653 905 1715 reperi.
939 1651 1294 1717 Acueboe‚tnuquamleva

193 1724 263 1784 libri,
274 1739 337 1788 qnos
349 1724 453 1788 quidem
471 1738 519 1785 ego
537 1725 655 1785 viderim,
667 1728 728 1775 Ani·
764 1727 826 1791 qoid
839 1743 886 1777 nec
899 1728 974 1777 ullius
987 1730 1109 1779 momenti
1127 1737 1294 1788 contemnas3

193 1800 309 1850 madius:
327 1815 377 1863 qno
387 1800 463 1848 modo
473 1808 501 1847 et
511 1800 646 1864 Sosipater
656 1802 727 1851 Cari·
764 1817 813 1852 uon
831 1804 932 1853 dubitat
952 1805 1043 1854 Cicero
1060 1805 1205 1853 inversione
1217 1804 1297 1853 inter·

195 1874 247 1924 sius
259 1876 354 1924 recitat
372 1876 389 1923 l.
402 1890 422 1924 r.
442 1876 468 1923 iu
487 1876 577 1938 verbo,
592 1878 688 1939 Omnes,
701 1885 728 1925 et
765 1879 825 1928 dum
835 1894 908 1942 pane
918 1880 1020 1943 po‘e‘tina
1030 1882 1067 1928 uti
1079 1879 1110 1928 ud
1120 1878 1295 1942 effugiendum

193 1950 347 2000 Diomedes.
369 1950 468 1999 Mortui.
765 1956 921 2016 asperiorem
931 1969 1082 2002 concursum
1092 1955 1233 2002 literarum.
1246 1954 1297 2001 Ve-

202 2032 205 2037 '
227 2025 266 2073 Ne
274 2027 348 2073 vitais
356 2025 449 2073 silentio
459 2025 593 2087 transeunt]
619 2026 661 2073 ltu
671 2023 727 2074 fere
764 2032 869 2079 luteum
882 2029 928 2085 ait,
945 2030 997 2080 ‘Q
1016 2029 1119 2076 Mucius
1135 2042 1216 2088 arigur
1229 2029 1297 2076 Βοω-

194 2107 224 2150 et
241 2100 366 2163 impressa
384 2109 413 2148 et
432 2101 530 2148 calamo
542 2100 674 2162 descripta
685 2114 728 2148 ex·
766 2103 847 2151 vola!
860 2118 917 2150 uam
928 2102 991 2150 illud
1002 2103 1121 2162 alterum,
1132 2103 1181 2151 ‘(i·
1192 2100 1296 2149 Mucius

195 2175 330 2239 emplaria.
365 2177 424 2225 Nee
435 2177 511 2236 male,
525 2182 554 2224 ut
567 2176 674 2237 opinor;
686 2189 728 2223 ve·
764 2179 879 2228 Scaevola
888 2177 988 2240 ευριπ]
1000 2192 1058 2226 eum
1069 2184 1177 2240 propter
1185 2175 1298 2239 sibilum,

194 2269 252 2303 rum
272 2255 298 2303 in
311 2253 487 2316 manuscripto
504 2253 615 2316 quodam
635 2254 729 2317 reperi,
768 2271 843 2321 quem
854 2258 954 2305 literam
966 2253 1070 2304 efficere
1082 2255 1207 2303 sentimus
1225 2253 1253 2315 S,
1270 2254 1296 2302 iu

194 2330 346 2391 transigant:
365 2338 394 2378 ut
404 2329 430 2377 io
447 2327 604 2378 Beroaldiuo
616 2343 729 2393 quoqne,
768 2334 851 2381 ultera
862 2346 925 2381 voce
937 2339 1090 2392 extremum,
1109 2331 1134 2378 iu
1153 2331 1235 2379 ultera
1246 2330 1299 2393 pri-

194 2405 258 2453 lieet
286 2404 376 2452 eodem
405 2417 490 2466 seusu,
519 2420 566 2469 pro
594 2407 727 2455 traducunt.
767 2423 842 2469 ruam,
863 2417 916 2459 tum
936 2409 968 2457 ob
986 2413 1126 2456 vastumet
1143 2407 1297 2455 inanioeuum

196 2479 293 2529 Rivitw·
766 2485 864 2533 lriatum
872 2485 998 2534 vocalium
1008 2482 1219 2532 concurrentium
1228 2481 1299 2545 panl-

228 2554 353 2604 Neritum
364 2554 604 2621 aileutiotrauseout]
638 2559 729 2621 idest,
767 2563 791 2610 lo
808 2561 932 2609 duriusei
949 2568 1027 2625 atque
1045 2559 1175 2608 insuavius
1193 2557 1296 2607 videba-

194 2630 395 2680 iuertiuetotio.
414 2631 496 2680 Tacit,
505 2634 531 2680 iu
541 2633 694 2697 Agricolae.
703 2638 727 2682 8.
768 2644 819 2698 tur,
839 2639 876 2686 itn
895 2645 924 2685 ut
936 2644 1002 2685 erat.
1035 2637 1104 2697 Ergo
1120 2636 1141 2683 ai
1154 2635 1297 2683 naturalem

195 2707 292 2756 ‘Senes
305 2720 385 2771 prope
397 2707 430 2754 ad
442 2708 513 2769 ipsos
526 2715 627 2757 exactae
642 2709 729 2757 aetatis
767 2713 884 2761 ordinem
904 2712 997 2760 Cicero
1015 2717 1123 2774 propter
1146 2710 1297 2772 euphoniam

196 2783 321 2832 terminos
341 2796 387 2845 per
405 2783 536 2831 silentium
548 2784 662 2832 venimus
670 2784 685 2832 :⁸
702 2793 730 2832 et
768 2794 795 2835 et
798 2784 961 2849 jucundioris
970 2783 1067 2833 sonitus
1077 2783 1160 2842 qratia
1170 2784 1298 2832 invertere

199 2874 223 2910 c.
235 2862 277 2908 39.
294 2862 302 2888 ‘
313 2859 399 2907 studia
411 2857 461 2907 fori
473 2867 499 2908 et
512 2860 624 2908 civilium
636 2859 730 2908 artium
768 2860 962 2922 nondultituvit,
970 2858 1300 2922 apparetuimirumquau-

198 2933 280 2985 decus
290 2935 317 2984 iu
329 2934 459 2984 silentium
473 2933 549 2983 aetat.¹
577 2935 632 2983 Cic.
643 2934 668 2982 in
677 2934 728 2981 Va·
769 2937 789 2985 ti
806 2934 903 2985 reserat
914 2949 965 2999 qua
980 2934 1037 2997 quis
1050 2934 1074 2981 iu
1086 2933 1176 2982 ordine
1189 2933 1299 2983 arbitra-

199 3012 264 3061 tiuio
285 3027 310 3062 c.
328 3016 352 3062 8.
368 3010 510 3060 ‘bonarum
530 3009 622 3058 artium
645 3010 731 3059 studia
769 3012 807 3060 rio
829 3010 967 3059 verborum
988 3010 1159 3059 collocatione
1182 3010 1299 3073 serieque

198 3088 343 3137 siluerunt!
382 3088 453 3137 ‘Per
481 3086 598 3136 tacitnm’
631 3087 731 3136 Seneca
769 3095 864 3138 utatur.
898 3086 974 3138 Quod
986 3101 1018 3134 eo
1031 3085 1101 3146 dieo,
1111 3101 1144 3134 ne
1162 3086 1219 3151 quis
1232 3087 1299 3136 bane

198 3163 266 3211 dixit
285 3165 398 3227 Thyeste
415 3178 453 3211 vs.
465 3167 522 3211 897.
538 3162 676 3212 ‘Obscura
688 3178 731 3227 po-
769 3178 833 3225 rem,
853 3178 901 3212 eeu
920 3176 994 3225 paeue
1015 3159 1133 3209 frivolam
1154 3176 1184 3210 ac
1205 3162 1299 3210 nullius

199 3238 264 3288 situs
275 3240 344 3299 loeo,
356 3240 419 3287 Leni
431 3238 548 3302 perfruar
560 3241 622 3289 otio.
644 3241 730 3291 Nullis
769 3239 900 3303 ponderis,
910 3238 1125 3289 contemnendum
1140 3253 1197 3287 esse
1209 3238 1298 3287 ducat.

200 3320 264 3362 uota
286 3314 432 3364 Quiritibus
454 3315 527 3363 AEtaa
551 3330 599 3379 per
623 3317 730 3365 tueltum
769 3318 940 3380 Quamquam,
960 3329 992 3363 ue
1012 3315 1073 3378 quid
1095 3313 1262 3375 dissimulem,
1273 3312 1300 3360 iu

199 3386 282 3437 nunt:
769 3393 909 3456 exemplari
927 3391 1036 3455 quodam
1056 3388 1231 3450 manuscripto
1249 3400 1300 3435 uon

236 3463 316 3513 Veluti
329 3479 429 3527 perenm·
445 3481 497 3527 qaoe
511 3472 598 3516 natura
607 3482 682 3530 mona
692 3472 729 3516 ut·
769 3478 810 3519 est
821 3470 936 3518 additum
946 3469 994 3516 boc
1005 3468 1062 3514 ioco
1073 3465 1186 3513 Scorola
1204 3463 1300 3512 nisio.

199 3554 242 3603 qne
262 3541 340 3588 uestri
351 3540 482 3590 obedientia
495 3542 586 3607 firmil]
620 3543 730 3593 Ovidius
801 3545 849 3593 Sed
859 3549 940 3592 nasim
951 3543 1026 3591 omnis
1036 3541 1073 3588 eis
1084 3539 1197 3587 inanimo
1208 3541 1232 3586 et
1249 3552 1300 3586 cor·

199 3610 309 3665 Metam.
320 3617 337 3664 1.
347 3630 367 3666 r.
378 3617 530 3682 ‘Pronaque
542 3632 599 3666 cunr
611 3624 731 3681 spectent
768 3635 823 3684 pore
833 3621 880 3669 situ
891 3620 937 3682 est]
979 3617 1071 3666 Cicero
1091 3614 1124 3661 de
1143 3612 1214 3662 finib.
1233 3613 1253 3663 1.
1273 3626 1301 3663 ν.

202 3691 321 3741 animalia
341 3700 431 3742 cetera
454 3700 557 3755 terram,
576 3694 614 3743 Os
634 3694 731 3744 bomini
769 3694 872 3744 ‘Homo
884 3709 898 3743 e
910 3706 1021 3756 corpore
1035 3690 1170 3752 animoque
1182 3694 1300 3738 constat:

201 3767 308 3818 sublime
320 3766 403 3830 dedit,
410 3770 554 3834 cantumque
565 3771 632 3819 tueri
640 3771 732 3832 iussit,
770 3783 827 3818 cnm
837 3769 926 3832 primas
938 3767 990 3815 sint
1000 3764 1091 3813 auitum
1104 3770 1202 3828 partes,
1213 3778 1303 3814 secun·

202 3850 229 3894 et
240 3852 342 3894 erectos
358 3844 391 3893 ad
411 3844 496 3894 sidera
517 3846 607 3895 tollere
626 3847 730 3897 nultus?
770 3843 810 3892 dae
822 3841 952 3905 corporis!
971 3840 1067 3889 lilauut.

201 3920 270 3970 Vide
291 3920 407 3970 ciceron.
425 3920 458 3968 de
477 3921 575 3983 legibus
588 3921 604 3970 1.
616 3935 635 3970 r.
654 3928 682 3970 et
698 3921 731 3970 de
803 3919 851 3967 Sed
869 3918 943 3966 omnia
958 3920 1039 3965 nostro
1050 3913 1097 3975 ris]
1130 3913 1187 3977 vta,
1199 3912 1301 3973 dissuis.

204 3996 267 4046 Nat.
284 3997 364 4044 Deor.
376 3994 394 4043 1.
407 4008 439 4043 n.
455 3995 620 4055 ‘Naturam’
639 3997 731 4060 inquit,
770 3994 894 4057 Virgilius
915 3992 973 4041 AEu.
986 4005 1038 4041 xrr.
1054 3992 1121 4041 ‘ille
1141 3999 1170 4040 ut
1189 3988 1301 4055 depositi

201 4073 265 4121 ‘uos
283 4071 366 4122 celsos
376 4077 405 4120 et
423 4076 508 4120 rectos
520 4071 731 4136 constituissem
770 4068 899 4135 proferret
916 4067 972 4117 ista
989 4067 1113 4131 parentis,
1129 4066 1203 4115 Scire
1215 4072 1301 4128 potes·

202 4148 320 4199 Deorum
331 4150 513 4214 cognitionem,
529 4151 623 4200 eoelum
634 4150 733 4200 intuen-
770 4154 839 4195 tates
858 4145 1003 4205 herbarum,
1020 4157 1143 4207 risumque
1160 4140 1301 4190 medendi:

202 4230 251 4289 tea,
268 4238 364 4290 capere
383 4224 533 4292 possemus.’
574 4227 667 4293 Neque
683 4226 733 4277 dis·
771 4221 938 4273 lbiSerrim:
956 4223 1135 4284 ‘Potestates,
1149 4218 1209 4282 virn,
1220 4217 1300 4282 possi·
