3000 5040
267 364 336 432 ⁵52
573 382 576 387 ·
618 383 727 433 norm
749 381 949 432 vsurorrusr
973 356 1013 429 rrr

265 523 380 588 lpssrum
392 531 465 575 tants
474 522 533 587 fuit,
543 531 573 575 ut
583 540 635 576 uun
647 526 728 575 solnm
743 540 797 576 mn·
867 526 985 588 ltssrque
994 524 1089 589 illquue
1098 525 1197 588 dignum
1211 526 1269 590 esse]
1302 528 1364 577 tres

268 615 321 663 ros,
332 602 377 651 sed
389 603 466 652 etism
479 612 563 653 turres
574 605 691 667 lapideus
709 604 798 652 sltitu-
834 601 894 650 libri
910 602 1007 662 dignum
1020 600 1086 662 sore,
1105 603 1173 666 quod
1194 605 1282 668 probo.
1322 605 1364 656 stc

267 678 328 728 dlue
347 689 506 742 superarent.
551 680 675 729 Latitudo
696 694 746 728 nou
765 678 797 727 ud
834 677 1113 741 infruutuvmgarur:
1139 679 1254 744 ‘Itaque
1267 681 1366 730 delicte

266 765 381 802 uormunr
394 755 456 803 artis
468 755 605 814 adstricta,
617 758 662 805 sed
676 771 722 818 pro
734 764 798 805 tem·
834 756 975 805 occultiora
996 754 1069 803 fuere
1079 755 1095 814 ς’
1122 756 1258 820 Bougursii
1281 758 1364 807 codex

266 829 383 895 poribus,
392 839 419 880 et
431 834 561 881 roluutnte
580 834 732 882 struentiurn
745 847 799 881 mu·
834 831 942 895 praefert
952 833 1148 891 occultiorusore.
1184 835 1290 885 Putsclr.
1358 852 1360 855 ’

268 911 349 962 ωε.)
366 907 447 956 Tecto
458 922 519 958 vero
534 909 588 956 sire
601 909 725 969 tubrrlste,
740 923 797 972 quae
867 909 907 958 Itu
916 923 983 971 seque
993 909 1085 971 illisque
1096 910 1192 970 dignum
1202 911 1263 972 esse]
1299 913 1364 961 Cum

266 987 296 1031 et
308 979 414 1045 fastigia
427 990 454 1032 et
472 984 582 1032 vertices
597 983 728 1044 dicuntur,
745 985 798 1047 ple·
835 991 925 1033 extent
936 984 1012 1034 codd.
1024 985 1051 1032 iu
1071 985 1172 1049 quibus,
1187 987 1286 1046 dignum
1299 987 1364 1047 sore,

267 1070 376 1122 rumque
389 1061 462 1121 plura
480 1061 504 1108 iu
523 1059 646 1119 turribus,
663 1066 693 1107 ut
710 1057 798 1107 delen·
835 1059 899 1107 nihil
925 1060 1030 1122 certius,
1056 1075 1131 1122 qusru
1159 1061 1310 1124 ejiciendum
1336 1069 1364 1111 et

268 1147 340 1184 sores
352 1137 439 1198 plures
451 1137 623 1200 imponerent,
635 1142 688 1184 tum
700 1140 728 1184 ut
747 1142 798 1183 tor·
834 1133 902 1182 hunc
913 1140 939 1183 et
951 1135 1043 1193 ulium;
1067 1142 1170 1184 retento
1180 1136 1272 1194 solum,
1281 1138 1364 1185 iture·

268 1216 376 1270 mentu3
409 1211 455 1260 sed
476 1226 526 1260 nou
549 1211 675 1270 musim23
708 1211 799 1270 scelus,
835 1223 879 1271 que
888 1210 979 1272 illisque
990 1211 1095 1271 dignum.
1129 1212 1235 1262 Gruter.

269 1291 373 1348 pontes,
408 1295 435 1336 et
471 1288 531 1336 teliu
558 1287 590 1337 ud
617 1286 798 1336 invadendum.
868 1285 977 1335 cmm
1002 1286 1049 1334 Sed
1066 1287 1089 1333 is
1104 1301 1184 1334 ruruor
1194 1289 1293 1336 clemens
1302 1288 1365 1352 erut]

269 1359 380 1410 Frontes
402 1363 490 1412 irarum
517 1364 623 1412 turrium
644 1361 750 1413 serrrtae
774 1377 798 1411 e·
836 1361 895 1409 Hoc
905 1368 954 1423 est,
970 1375 1019 1408 uorr
1029 1360 1118 1409 liunus
1131 1369 1177 1411 aut
1194 1372 1325 1424 constans,
1337 1371 1365 1413 ut

269 1442 336 1496 rent,
358 1438 484 1486 munimen
504 1445 594 1486 contra
612 1439 693 1500 ignes.
734 1439 798 1488 Cum
836 1435 892 1484 Cic.
904 1436 1025 1500 loquitur.
1041 1437 1168 1485 ,Ciorrou

269 1514 336 1561 enim
350 1515 509 1576 praecipuunr
521 1515 547 1562 in
558 1529 600 1563 eus
620 1516 759 1565 remedium
772 1524 799 1566 et
867 1510 915 1560 Sed
933 1513 955 1560 ¹⁹⁸
972 1527 1051 1560 rumor
1061 1514 1233 1577 demerserat]
1265 1516 1364 1578 Perpe-

269 1591 423 1652 repugnatio
439 1598 520 1653 esset,
540 1607 587 1654 per
600 1594 691 1658 jacula
710 1594 799 1657 ignita,
837 1601 890 1636 nm
901 1586 927 1634 in
940 1587 1148 1657 lilerseburgerrsl
1166 1595 1194 1637 et
1210 1590 1266 1637 aliis
1278 1591 1367 1653 pleris-

268 1663 349 1724 faces,
366 1668 506 1728 malleolos,
523 1669 643 1729 murices,
661 1678 800 1732 repertum,
837 1678 896 1728 que,
914 1664 952 1712 lu's
967 1680 1060 1714 rumore
1089 1666 1173 1714 Porro
1193 1667 1299 1725 cumas,
1319 1683 1367 1731 pro

268 1745 299 1790 ut
318 1747 384 1790 rote
402 1740 473 1791 ferro
492 1750 651 1805 tegerentur,
669 1752 713 1793 snt
726 1753 800 1795 certe
836 1755 882 1788 nus
893 1740 980 1789 nimius
991 1742 1103 1804 ponitur.
1138 1742 1218 1805 Cujus
1234 1749 1260 1793 et
1272 1743 1367 1792 Prisci·

268 1818 393 1880 striplici
404 1820 505 1870 lutere:
529 1821 565 1869 sic
578 1822 644 1870 enim
655 1823 800 1872 stabiliores
838 1817 1035 1865 flntltmemltlil·
1068 1817 1161 1867 Rivius·
1332 1820 1334 1823 ’

269 1893 304 1943 ob
327 1894 437 1957 pondus,
458 1901 485 1945 et
508 1897 560 1959 igni
580 1897 800 1961 incorruptibiles.
871 1893 898 1941 1⁸
908 1909 987 1942 rumor
996 1896 1094 1942 cletum
1104 1893 1167 1956 erut]
1190 1896 1260 1944 Male
1272 1896 1313 1944 hic
1325 1896 1367 1945 Ci-

269 1967 330 2018 Alio
345 1984 447 2037 quoque
466 1973 573 2019 muteris
593 1972 706 2020 turribus
724 1975 801 2021 inter·
838 1971 967 2019 ucconlus.
1001 1971 1064 2042 Vult
1083 1972 1151 2019 eninr
1168 1979 1268 2032 ructor,
1284 1987 1367 2021 rumo-

270 2042 330 2092 dum
355 2044 524 2105 circumdata,
545 2046 646 2094 scilicet
668 2054 800 2110 centones,
838 2061 892 2095 rem
908 2046 993 2095 lnl'rs·
1010 2063 1098 2096 verum
1121 2046 1212 2105 fuisse,
1232 2049 1367 2109 minusque

269 2119 349 2181 coris,
360 2122 457 2182 storiae,
470 2133 498 2170 et
509 2122 545 2170 lte
557 2136 641 2185 porro.
664 2122 767 2185 Lipsius.
838 2122 937 2170 etrociu
950 2123 1065 2184 irrigasse
1077 2137 1152 2185 quam
1164 2131 1247 2172 eruut⁴
1266 2123 1366 2170 Gruter.

303 2195 434 2258 Murus]
471 2197 664 2258 Testudiuibus,
692 2198 800 2260 balistis,
870 2196 909 2244 Ao
929 2198 1084 2245 udolexerrtiu
1105 2212 1147 2245 run
1166 2198 1202 2245 itu
1221 2213 1247 2246 se
1266 2197 1366 2259 enisum]

271 2271 419 2335 catapultis.
460 2272 500 2321 De
512 2272 605 2336 quibus
616 2274 684 2323 Vitr.
695 2281 723 2323 ct
734 2276 801 2337 Veg.
839 2273 1003 2337 Augustanus
1014 2272 1085 2322 delet
1092 2273 1122 2321 τὸ
1131 2289 1182 2336 suu,
1192 2265 1271 2336 ἐιψη
1281 2292 1287 2322 :
1305 2278 1312 2303 ‘
1325 2276 1368 2323 ltu

273 2347 339 2396 cust.
839 2349 871 2397 ab
896 2348 1075 2398 edulesceutia
1102 2349 1180 2399 ritum
1208 2350 1369 2398 instituisse!

308 2421 370 2470 Velle
378 2427 400 2470 et
411 2436 501 2472 censere
512 2438 549 2473 eos
559 2423 589 2472 ul
597 2425 671 2474 urruis
678 2426 802 2490 discedere,
839 2424 938 2474 Putsrl.

270 2499 300 2549 dc
311 2501 475 2549 controuersiis
494 2501 543 2549 suls
554 2501 611 2561 jure
627 2503 716 2565 potius,
734 2519 802 2566 quum
875 2500 977 2563 Virtute,
989 2517 1035 2551 non
1046 2503 1137 2552 mulitia
1146 2503 1179 2551 -Ρ,
1191 2501 1295 2566 Scipioni
1306 2519 1369 2551 surrr-

271 2574 330 2624 bello
344 2576 489 2638 disceptrrrr
513 2577 550 2624 ila
565 2592 632 2638 seque
647 2578 739 2639 illisque
749 2580 802 2640 dig·
839 2579 937 2627 murtro
946 2579 1020 2642 plue]
1053 2580 1159 2628 Incerta
1176 2587 1217 2628 est
1227 2579 1370 2638 distinctio,

270 2665 326 2699 nuru
342 2655 401 2715 esse]
427 2655 509 2701 Locus
521 2653 561 2701 lric
580 2654 606 2701 in
622 2649 802 2703 omnibus'rul·
840 2655 907 2702 sitne
929 2654 1036 2718 dictum,
1056 2656 1145 2704 virtute
1166 2662 1194 2703 et
1214 2656 1315 2713 mulitia,
1336 2653 1368 2700 ud

270 2725 337 2789 getis
364 2726 446 2787 libris,
466 2741 582 2786 mancus,
605 2728 801 2791 deminutrrsque
840 2731 927 2790 priore
939 2730 1110 2788 referendum,
1124 2744 1155 2778 un
1168 2729 1200 2778 ud
1218 2729 1369 2792 posteriora.

271 2799 340 2849 fuir:
369 2815 444 2864 quem
462 2815 507 2848 nos
527 2801 622 2849 additis
639 2802 678 2849 lris
697 2802 802 2850 verbis:
839 2805 936 2855 Badius
947 2807 979 2854 ud
992 2807 1136 2868 posteriora
1149 2806 1245 2867 retulit,
1255 2804 1371 2853 fortassis

272 2881 311 2930 Dc
321 2879 483 2927 mutrorrrsir's
498 2880 547 2927 suis
559 2880 616 2939 jure
632 2881 718 2942 potius,
733 2896 803 2943 quum
840 2881 907 2944 quod
918 2882 998 2942 nrugis
1009 2883 1065 2944 quis
1077 2881 1176 2929 nrulitle
1188 2881 1282 2944 plucet,
1294 2894 1370 2941 qrruur

271 2954 330 3005 betto
348 2955 488 3018 disceptare,
511 2946 686 3019 supplevimus
707 2971 738 3004 err
761 2971 802 3005 co·
839 2956 980 3018 probetur:
1006 2964 1091 3018 stepo
1104 2962 1166 3017 puto
1182 2970 1255 3019 reque
1273 2950 1371 3002 mulitia

272 3029 566 3095 dicePerceusi,quenr
586 3032 659 3081 uobis
679 3033 803 3096 praestitit
840 3031 965 3080 nenrlnern
1000 3032 1111 3095 placere,
1138 3038 1215 3095 utque
1243 3031 1370 3079 nemiuem

272 3105 402 3157 Gosuinrrs
415 3108 517 3170 Rivius,
529 3108 567 3157 vir
584 3123 641 3157 cum
660 3110 804 3173 religiosus,
840 3107 953 3170 probari.
1004 3106 1119 3171 Ideoque
1147 3107 1293 3171 ambiguum
1322 3114 1371 3155 est.

273 3191 328 3233 tum
347 3185 490 3246 humanus,
516 3194 543 3234 et
565 3201 627 3235 sune
646 3187 734 3235 abesse
752 3201 802 3235 non
842 3183 954 3231 Glereurr.

272 3268 398 3324 possunt:
417 3261 463 3309 sed
475 3262 632 3325 negligentia
643 3263 803 3312 librariorum
874 3258 1012 3307 Obeusdem
1025 3259 1240 3323 Mesqu'ct'psu]
1272 3261 1369 3322 Lugen-

273 3334 367 3383 omisse
388 3342 457 3397 sunt,
476 3339 518 3399 qni
540 3343 672 3386 auctorem
689 3345 803 3387 nostrum
840 3332 1004 3394 dummrleis·
1038 3336 1138 3383 Rivius·

273 3417 302 3458 et
307 3409 367 3462 ullis
378 3411 440 3459 locis
450 3410 659 3474 frequentissime
667 3414 733 3462 male
742 3415 805 3462 mul·
872 3411 1028 3459 Adherbalem
1039 3411 1100 3459 dolis
1107 3412 1163 3460 rrr'tae
1171 3426 1219 3460 suoe
1228 3412 1372 3471 insidiatum,

272 3489 355 3535 tutum
383 3486 554 3550 reliquerunt,
585 3486 679 3537 ablatis
707 3490 804 3554 aliquot
840 3485 950 3548 quodubi
961 3488 1116 3548 comperisset,
1133 3487 1181 3546 n‘us
1190 3488 1271 3535 sceleri
1281 3486 1371 3534 ebrium

272 3559 370 3609 verbis.
405 3562 502 3624 Popmu.
526 3552 527 3556 ¹
841 3557 897 3620 uu]
922 3559 1024 3619 qur'us,
1043 3567 1145 3608 nonest
1158 3561 1182 3606 in
1195 3560 1310 3608 omnibus
1328 3576 1371 3608 ve·

306 3636 345 3685 De
357 3638 519 3686 controversiis
528 3638 637 3698 suisjure
647 3639 725 3702 potius
735 3655 805 3702 quum
843 3634 927 3697 tustis,
938 3643 965 3683 et
976 3634 1123 3681 addititium
1141 3635 1201 3682 milri
1220 3634 1330 3696 videtur,
1343 3643 1371 3684 rrt

273 3712 332 3775 lello
345 3713 482 3776 disceptare,
491 3713 543 3775 tre]
571 3714 703 3763 Sententia
714 3715 804 3764 isthuc
842 3716 870 3758 et
881 3712 931 3758 slis
943 3712 1081 3774 pleraque:
1107 3711 1194 3759 sedin
1213 3716 1372 3776 manuscrip-

272 3790 301 3838 in
312 3789 383 3837 nullu
397 3797 471 3838 extat
489 3789 693 3839 membranarum
705 3800 804 3839 nostre·
842 3786 875 3834 tis
886 3784 1037 3849 quibusdum
1055 3792 1096 3833 est
1113 3792 1207 3834 tumen.
1242 3788 1324 3836 Porro
1335 3788 1373 3835 otr-

275 3879 341 3930 rum,
352 3866 378 3914 irr
389 3866 458 3914 nulla
469 3865 612 3915 editionum
624 3867 721 3931 antiqq.
744 3867 805 3931 quia
841 3861 904 3909 oium
914 3861 959 3923 ire,
967 3861 1008 3909 lric
1021 3867 1062 3909 est
1074 3861 1192 3910 resistere
1203 3879 1209 3909 :
1226 3863 1264 3911 sic
1273 3864 1373 3925 Cicero,

275 3946 360 3989 tumen
373 3948 502 3990 esseverst
514 3940 614 4003 Popnra
634 3941 760 3991 iuvenisse
778 3941 804 3989 irr
841 3938 849 3963 ⁴
862 3936 986 3985 mulorum
998 3936 1132 3985 conatibus
1145 3937 1247 3986 obvium
1259 3938 1305 3986 ire'
1316 3939 1372 3986 dix·

274 4015 373 4064 culsmo
395 4017 507 4065 exuretis
534 4015 610 4064 codd.
639 4016 706 4063 lruud
729 4031 805 4065 ausus
841 4013 871 4063 tt.
903 4013 978 4061 Idem.

274 4105 329 4139 sum
344 4092 498 4142 excludere:
525 4092 678 4154 presertim,
689 4106 748 4140 curn
760 4108 804 4156 op·
875 4089 956 4152 Neque
966 4094 1115 4154 scelereque
1124 4107 1167 4154 pro
1177 4090 1373 4154 benefacturum]

276 4167 338 4216 time
355 4169 493 4232 quadraret
511 4169 630 4218 clausule
642 4168 756 4232 proxime
767 4183 805 4217 se·
841 4162 976 4228 Apulejus.
990 4167 1100 4229 Apolog.
1118 4170 1142 4214 2.
1160 4166 1207 4214 ‘Si
1224 4167 1279 4215 lraec
1296 4181 1373 4228 repu-

275 4242 373 4305 quenti.
408 4244 514 4303 Gruter,
629 4297 631 4299 .
842 4249 909 4305 tuns,
930 4238 1017 4291 forme
1040 4249 1085 4311 aut
1107 4239 1256 4290 divitiorum
1280 4242 1373 4305 gratia,
