3000 5040
467 379 618 431 suanum
641 380 829 431 suounuu.
867 380 956 434 wono.
977 369 1033 434 36.
1233 371 1302 440 578.

202 521 519 589 profiteretnrindtolum!
549 523 729 574 Etint.r.ad
801 524 978 588 Qaispmginta
987 528 1058 576 andes
1067 527 1177 590 dederat]
1203 529 1298 593 dugur·

204 601 236 651 Ia.
245 601 339 650 Cornel
351 601 384 650 de
394 601 474 651 Sicar.
492 607 519 650 et
530 602 546 652 t.
558 614 635 650 xxiv.
652 602 685 652 D.
697 602 730 652 ds
767 599 811 647 tira
822 600 1004 666 quinquaginta
1015 604 1110 653 anticos
1125 605 1234 667 inuenit,
1253 606 1298 671 qnl

204 676 271 726 Bais.
290 677 398 727 ciceron.
767 684 866 726 certam
888 680 1006 740 pecunia
1028 695 1151 729 summam
1174 682 1297 744 promise·

238 753 281 802 Fit
290 768 342 801 rens
351 755 572 818 mugiaeupnoet
583 755 650 815 bono,
661 769 731 818 queas
767 760 838 815 rant,
852 754 879 803 ni
894 755 1031 804 sisteretur
1047 770 1120 804 reus:
1138 771 1232 822 eosque
1245 759 1295 808 Ro·

203 829 292 891 sature
299 831 406 890 gestium
416 831 549 894 Bomilcar]
568 831 731 895 Mannscrip·
768 845 865 893 manos,
874 845 924 879 non
937 830 1062 879 Nomium
1074 829 1151 880 fuisse
1167 834 1295 884 existimo.

203 912 241 969 ta,
251 908 428 957 consentiente
440 909 691 971 Beroaldino,mogis
700 923 731 957 ex
767 906 810 954 ste
822 908 899 955 etiam
911 906 980 970 apud
1001 907 1099 956 Livium
1121 908 1233 957 Decadis
1245 909 1297 973 pri·

201 983 383 1047 missoque.
409 986 493 1033 Porro
503 985 732 1049 quidiaageutiam,
768 996 817 1031 mc
839 983 857 1030 l.
870 996 913 1031 111.
936 982 1023 1031 multis
1039 982 1145 1032 uadibus
1163 984 1296 1048 Virginius

201 1057 260 1121 qnid
271 1074 365 1122 aquam
383 1064 406 1107 et
424 1060 516 1118 msam,
535 1059 568 1109 de
579 1075 612 1110 co
632 1061 731 1124 prolixe
768 1057 925 1108 radatusest
933 1059 1066 1107 Caesonem
1076 1058 1209 1109 Quintium
1216 1074 1297 1113 reum.

199 1132 313 1183 Budaeus
322 1134 348 1183 iu
360 1136 567 1185 annotationibus
577 1137 603 1185 in
615 1136 731 1186 Pandec·
768 1135 826 1184 Non
838 1136 908 1185 enim
926 1135 953 1183 id
963 1135 1135 1183 vadimonium
1154 1136 1206 1184 tale
1218 1133 1298 1185 inisse

199 1213 249 1258 tas.
283 1209 348 1259 ideo
358 1218 444 1260 antem
457 1212 626 1262 Bomilcarem
636 1213 731 1263 Saltus·
768 1211 895 1273 existimo,
906 1218 934 1260 nt
947 1211 1055 1260 vadibus
1065 1211 1127 1273 ipsis
1138 1210 1304 1262 moriendum

202 1283 253 1333 tius
271 1288 389 1349 magiae:
400 1304 464 1351 aeouo
475 1289 576 1352 bonoque
586 1304 651 1338 reum
660 1289 730 1354 pleri,
767 1296 844 1351 emet,
871 1288 893 1337 si
915 1288 946 1337 ab
967 1301 1011 1336 reo
1032 1287 1178 1336 Bomilcare
1199 1286 1296 1337 deserti

199 1374 267 1425 qam
282 1377 314 1412 ec
325 1364 381 1424 jare
398 1366 505 1426 gentiana
524 1365 570 1427 sit,
588 1366 730 1429 quodcum
766 1363 885 1414 fuissent.
906 1365 972 1413 Cast.

199 1449 286 1488 comes
308 1447 377 1489 esset
399 1442 456 1504 ejus
479 1441 523 1505 qni
550 1441 658 1490 Romam
679 1441 731 1490 tide
800 1441 869 1489 Ciam
886 1441 911 1490 ia
932 1439 1070 1490 Numidiam
1089 1440 1247 1490 Bomilcarem
1257 1441 1297 1489 de-

199 1513 304 1579 publiea
316 1523 424 1566 venerat
441 1525 525 1568 tntum
545 1531 602 1567 esse
622 1532 680 1566 eum
698 1517 730 1566 ab
767 1516 855 1578 stitit]
872 1517 1153 1581 legendnmdimittit,
1173 1517 1211 1565 ita
1229 1522 1258 1566 nt
1269 1524 1297 1565 et

200 1590 269 1639 omni
286 1591 382 1654 injurio
397 1607 443 1654 par
461 1599 527 1642 erat.
560 1593 612 1641 Sed
627 1593 730 1642 interim
767 1590 872 1640 codices
891 1592 917 1639 iu
936 1593 1098 1656 pergamenis
1116 1592 1251 1654 descripti,
1267 1599 1296 1642 et

201 1664 360 1714 reclamabat
384 1666 507 1730 aequitas,
529 1674 558 1716 nt
586 1668 630 1731 qui
659 1667 731 1718 facta
767 1666 885 1728 impressi
901 1665 1076 1729 serenatum,
1094 1683 1141 1719 nec
1152 1670 1228 1719 aliter
1240 1683 1297 1719 sott-

202 1737 274 1788 coedo
288 1737 367 1789 fidem
386 1741 441 1804 ipse
458 1743 589 1805 publicam
602 1744 732 1804 violasset,
768 1756 810 1791 sus
821 1743 941 1804 postulat.
957 1744 1050 1792 Ricina.

200 1826 252 1864 oon
274 1814 306 1865 de
323 1816 460 1868 homicidio
479 1832 539 1868 rens
556 1818 640 1869 deret.
674 1820 733 1870 Nisi
804 1818 899 1866 Veritus
919 1832 948 1865 ne
966 1819 1064 1881 reliquos
1082 1822 1204 1883 populures
1223 1826 1297 1871 metus

201 1899 292 1942 eontra
310 1894 368 1958 qnia
385 1894 451 1944 bunc
469 1910 528 1944 esse
547 1895 732 1958 sensumvelit,
767 1895 888 1943 inuaderet
911 1895 1011 1958 parendi
1030 1895 1088 1960 aibr]
1117 1896 1295 1948 Fabricianum

200 1971 373 2022 Bomilcarem
385 1974 497 2037 quamvis
507 1973 540 2023 ob
552 1974 687 2024 rescissum
698 1974 731 2025 ab
767 1969 907 2032 exemplar,
915 1971 1064 2034 populana,-
1080 1984 1129 2035 qnu
1139 1971 1296 2024 terminatio·

201 2062 228 2099 se
240 2055 344 2113 patrata
353 2064 419 2099 nece
430 2051 559 2114 publicam
568 2049 646 2100 fidem
663 2052 731 2100 nullo
767 2060 799 2095 ne
810 2046 949 2109 antiquitas
961 2047 998 2095 nti
1009 2055 1087 2096 amat.
1105 2048 1181 2097 lieu.

200 2123 401 2178 modulorum
413 2141 510 2176 causum
529 2127 668 2177 dictionem
688 2128 730 2176 ad·
799 2123 887 2172 Paucis
899 2123 990 2185 diebus]
1006 2122 1038 2172 ln
1050 2123 1202 2187 quibusdam
1212 2122 1296 2187 libris,

199 2200 349 2264 mittendus,
366 2210 451 2252 tamen
467 2204 603 2253 clementia
619 2203 728 2268 quadum
765 2201 852 2250 Peneis
861 2206 912 2263 post
923 2201 1012 2259 diebus,
1023 2199 1068 2248 sed
1080 2214 1232 2263 perperam:
1245 2214 1296 2249 non

200 2278 288 2340 populi
300 2279 330 2327 R.
346 2279 394 2329 boc
405 2285 455 2342 est,
472 2294 505 2329 ex
517 2294 592 2344 requo
611 2279 728 2344 bonoque
765 2276 833 2326 enim
845 2276 986 2325 mutatione
998 2280 1129 2337 opusest:
1146 2287 1205 2321 cum
1216 2275 1297 2335 porcia

199 2354 281 2416 magis
290 2368 367 2417 quam
373 2355 433 2417 jnre
443 2370 539 2415 summo
549 2369 622 2403 reum
630 2353 728 2403 suctum
766 2350 857 2413 dubus,
868 2350 934 2399 idem
947 2350 991 2412 sit,
1002 2348 1080 2414 qnod,
1089 2348 1178 2397 Paucis
1186 2353 1240 2411 post
1247 2348 1296 2402 dies

196 2440 331 2491 ,eumcum
340 2432 425 2494 potins
435 2429 525 2479 suisset
533 2429 632 2478 indicta
640 2443 731 2478 caussa
767 2425 823 2481 dum·
840 2425 908 2488 qnod
920 2425 1062 2484 Ciceronis,
1077 2424 1235 2489 aliorumque
1254 2437 1297 2473 ex·

200 2523 260 2559 mox
271 2507 303 2557 ad
316 2510 628 2575 suppliciunrrapiendus.
647 2510 732 2560 Fidens
768 2499 1007 2562 emll¹i²⁶¹0⁰¹³fl²¹¹t·
1026 2501 1124 2548 Malui·
1151 2522 1153 2526 ·

197 2582 313 2650 publicam
320 2585 456 2634 Sallustius
465 2601 511 2650 pro
519 2600 549 2635 eo
557 2585 652 2648 posuit,
664 2585 731 2649 qnod
800 2575 1005 2638 ltaliadecedere]
1036 2574 1122 2623 Livius
1140 2573 1157 2623 l.
1171 2587 1243 2623 cxiv.
1261 2575 1297 2626 ait

201 2660 278 2725 vulgo
290 2662 380 2711 aulam
396 2662 532 2710 conmotam
545 2669 652 2710 vocant:
671 2660 730 2711 inde
766 2652 918 2715 Jugurtlram
926 2649 961 2698 ob
971 2650 1112 2699 otastntssa.
1121 2650 1227 2712 cedem,
1239 2665 1296 2702 cnm

199 2736 269 2800 apud
291 2737 452 2796 Ciceronem,
477 2737 628 2800 ‘postutare
653 2735 729 2786 fidem
767 2728 858 2777 Romae
882 2728 1074 2791 periclitaretur
1093 2729 1208 2785 (cunisam
1228 2729 1295 2779 enim

200 2813 348 2878 publicam,’
367 2802 468 2882 &Itpt
481 2801 619 2877 hequen,
638 2820 665 2861 rt
677 2814 687 2839 ⁴
700 2812 729 2861 fi.
766 2805 858 2869 capitis
868 2805 956 2854 dicere
962 2804 1047 2867 jussus
1059 2802 1113 2867 est)
1129 2803 1196 2853 clam
1208 2804 1295 2867 prot'u·

200 2886 258 2939 dem
282 2889 359 2937 alicui
381 2890 507 2952 publicam
528 2890 607 2948 dare,'
629 2878 730 2959 obltpt
766 2883 842 2946 litte·
860 2883 925 2930 0¹1⁸!-

200 2955 344 3029 pultum.
362 2967 429 3030 quod
446 2965 729 3030 Sallustius‘interpo·
798 2958 827 3007 δι’
854 2964 964 3007 emittm
989 2957 1116 3018 intimi]
1149 2954 1299 3018 Εὓῐῐθβῑῑῑί,

201 3052 263 3091 utere
284 3040 362 3090 fidem
385 3041 528 3104 publicam'
556 3055 633 3105 supra
655 3040 729 3090 dian
766 3034 1017 3094 PaulusDioconns,
1034 3031 1158 3079 inueniret.
1191 3030 1297 3079 Ciaccu·

201 3115 297 3165 Ricina.
766 3111 832 3160 nius.

233 3192 421 3256 doregerrtirm]
435 3194 572 3242 Sallustius
582 3193 624 3242 nte
636 3207 685 3242 non
698 3207 729 3241 ex
801 3188 868 3237 Cur.
881 3193 914 3238 36
934 3187 1035 3237 Albinus
1044 3184 1106 3234 Aulo
1117 3182 1199 3243 fratre
1215 3183 1240 3231 io
1249 3198 1298 3232 ous-

196 3266 257 3333 jnr'e
274 3270 401 3332 gentium,
422 3269 466 3317 sed
486 3284 518 3318 ex
530 3284 604 3333 aqno
619 3278 646 3318 et
664 3270 730 3319 bono
768 3262 813 3313 tria
827 3279 871 3326 pro
889 3269 992 3327 praetore
1013 3261 1104 3320 relicto,
1129 3261 1229 3308 Romam
1250 3259 1298 3309 dis·

200 3342 374 3395 Bomilcarem
384 3345 647 3409 comitemtugurtnae
660 3361 729 3395 reum
767 3339 849 3404 erant]
874 3339 916 3388 Sic
930 3345 957 3387 ct
972 3353 987 3386 e
999 3336 1181 3400 manuscriptis
1192 3335 1252 3398 dno,
1268 3342 1296 3385 et

201 3417 280 3471 fnlase
290 3421 390 3471 scribit.
423 3422 523 3471 Bonum
541 3429 568 3470 et
580 3437 690 3486 aeqnunr,
705 3422 730 3471 id
766 3419 894 3467 Veretum
908 3415 1050 3481 quoddam:
1063 3412 1224 3473 seddecessit,
1235 3426 1297 3476 quo-

201 3504 250 3561 eat,
261 3512 359 3547 merum
371 3502 469 3546 natnrm
475 3499 520 3561 jus
530 3499 630 3561 patitur
642 3512 730 3561 poenas
767 3492 842 3542 modo
855 3492 1006 3556 Gymnicus,
1024 3489 1085 3538 inibi
1103 3489 1183 3550 nragis
1200 3488 1295 3551 placet.

201 3574 278 3638 exigi,
290 3574 334 3624 ubi
350 3575 488 3638 reperitur,
504 3575 546 3639 qui
558 3575 684 3639 deliquit;
702 3583 730 3625 at
768 3569 834 3618 Nam
847 3569 872 3617 id
891 3567 994 3632 proprie
1005 3563 1158 3628 significata
1174 3562 1296 3612 mundato

196 3649 239 3714 ins
250 3651 365 3716 gentium
376 3653 485 3714 legatos,
497 3658 524 3700 et
535 3653 578 3715 qui
589 3652 626 3700 luis
635 3652 730 3701 slmiles
767 3646 891 3695 custodire
910 3659 961 3692 suras
980 3643 1037 3690 luco
1054 3640 1185 3688 recedere.
1219 3639 1296 3688 Unde

203 3723 492 3788 fldepnblicaueuinnt,
505 3727 611 3790 excipit.
643 3729 730 3778 Quare
767 3724 896 3785 eonsules,
918 3720 1091 3785 proconsules,
1111 3725 1236 3779 praetores
1259 3713 1296 3762 di·

204 3809 234 3854 ut
243 3805 281 3852 rel
292 3803 355 3853 fiunt
365 3807 452 3871 legati,
462 3813 553 3855 contro
560 3805 605 3868 jus
615 3807 729 3868 gentium
768 3807 883 3851 cuntnre
892 3796 1013 3862 prouincia
1023 3797 1145 3844 decedere:
1155 3795 1219 3861 ‚item
1231 3803 1296 3854 pric-

203 3885 251 3944 ast,
267 3894 317 3944 qno
329 3882 411 3929 uetari
421 3884 502 3931 multa
513 3882 605 3942 solent,
622 3895 679 3945 quae
687 3879 730 3941 jus
769 3876 833 3926 sidia
851 3876 884 3922 de
899 3872 1006 3922 urbibus
1022 3877 1100 3936 atque
1118 3867 1243 3924 castellis,
1258 3863 1296 3913 lta

202 3964 303 4007 naturae
315 3956 451 4019 permittit.
479 3958 561 4007 Sicuti
572 3958 652 4021 igitur
663 3957 731 4021 legn-
768 3954 807 4002 nti
819 3952 955 4014 diligenter
966 3947 1099 3997 nnrrotnvit
1114 3944 1197 3992 Valla.
1231 3939 1296 3988 Cum

202 4033 232 4095 ti,
243 4033 283 4082 rel
296 4033 340 4098 qui
359 4028 410 4081 ide
428 4033 528 4095 publica
539 4041 676 4093 uenerunt,
695 4033 731 4082 ita
769 4032 897 4096 Gymnico
913 4030 977 4079 facit
993 4043 1071 4077 unum
1082 4038 1097 4072 e
1109 4016 1296 4082 manuscriptis.

190 4115 230 4167 5et
240 4110 358 4165 comites,
376 4115 403 4158 et
415 4123 476 4156 rusa
487 4109 628 4172 legatorum
639 4110 677 4158 sni
689 4124 732 4173 gc·
769 4109 863 4158 Ricina.

202 4185 270 4236 neris
287 4185 483 4235 sanctimoniam
500 4183 604 4249 babent,
623 4187 668 4237 sod
690 4201 731 4237 ae·
802 4177 1030 4239 Bonmmdiscesait]
1054 4174 1096 4223 Sic
1112 4171 1204 4219 iterum
1224 4182 1298 4234 repo·

204 4260 322 4313 tasmric.
341 4263 412 4312 Grot.
770 4257 883 4308 nendum
893 4254 992 4319 putari,
1005 4253 1092 4314 eiecto
1103 4247 1209 4297 aliorum
1223 4247 1298 4298 detra
