3000 5040
482 344 487 354 ·
555 324 637 372 c.o.
652 324 863 378 1111111111.
1178 318 1245 387 sta

148 501 189 519 —-
202 469 347 530 Gandavi.
363 479 392 531 8.

151 573 227 634 1557
244 567 280 624 C.
293 564 408 624 Salustii
423 565 518 643 Crispi
540 567 577 627 de
600 569 803 647 conjuratione
827 571 972 643 Catilinae,
993 581 1024 632 et
1044 573 1082 634 de
1098 575 1177 636 bello
1191 581 1246 640 lus

187 661 333 738 gurthino.
377 661 517 738 Ejusdem
541 666 687 725 orationes
715 667 851 746 quasdam
879 687 915 727 ex
940 669 1020 728 libris
1048 669 1243 736 historiarum.

188 758 342 816 Orationes
366 759 531 830 contraria,
557 780 680 837 quarum
703 764 795 823 altera
821 764 950 823 Salustio
977 765 1122 838 tribuitur,
1149 769 1243 832 altera

189 852 335 912 Ciceroni.
378 854 516 925 Venetiis,
539 857 618 933 apud
641 857 761 918 Aldurn.
787 861 1111 921 8.-Crevenna'1’om.
1128 878 1159 923 v.
1174 883 1242 945 pag.

190 958 256 1011 143.

151 1051 227 1112 1559
242 1044 379 1105 venetiis.
394 1045 458 1103 Ful.
473 1064 541 1103 curn
555 1046 669 1122 explan.
683 1047 818 1104 Asceusii
831 1058 860 1107 et
874 1068 949 1108 verr.
963 1060 1025 1111 uot.

150 1137 227 1199 1560
241 1141 276 1198 C.
292 1138 419 1198 Sallustii
440 1138 536 1214 Crispi
558 1139 596 1197 de
615 1139 818 1214 conjuratione
840 1141 982 1212 Catilinae,
1001 1143 1083 1203 etde
1098 1144 1241 1208 baliolu-

186 1234 333 1309 gurthiuo.
359 1232 517 1307 'Ejusdem
546 1232 691 1293 orationes
718 1231 853 1309 quaedam
878 1255 915 1292 err
941 1236 1022 1295 libris
1048 1239 1242 1302 historiarum.

186 1327 342 1386 Orationes
354 1327 516 1396 contrariae,
530 1329 588 1384 &a
622 1326 714 1384 ludex
728 1347 824 1386 rerum
837 1330 1075 1391 memorabilium.
1106 1334 1243 1408 Venetiis,

185 1422 265 1499 apud
280 1422 397 1481 Aldum.
413 1421 641 1481 a-nenouard
656 1423 764 1483 11111111.
779 1423 844 1484 Vol.
861 1439 884 1483 1.
899 1443 931 1502 p.
945 1433 1016 1485 321.

149 1514 221 1578 1561
240 1519 275 1577 C.
291 1516 386 1592 Crispi
401 1514 529 1575 Sallustii
545 1519 654 1592 Opera,
677 1536 744 1575 cum
765 1517 901 1577 brevibus
914 1519 989 1577 Phil.
1005 1521 1241 1583 Melanchtbonis

55 1678 74 1707 a
186 1612 431 1676 annotationibus.
453 1610 589 1689 Lugduni
604 1628 651 1690 ap.
666 1615 737 1672 Ant.
753 1613 949 1673 Vincentium.
967 1617 1152 1678 12.-·Catal.
1168 1617 1241 1679 bibl.

54 1724 77 1749 ¹·
186 1709 300 1765 Bnnar.

145 1836 185 1846 -
200 1802 328 1862 basileae.
343 1801 407 1861 Fol.
422 1820 489 1860 cum
504 1801 579 1861 notis
594 1819 667 1860 varr.
683 1810 714 1860 et
726 1802 834 1863 additi.

145 1930 186 1963 -,,-
201 1897 342 1957 (3110111.
359 1906 387 1956 8.

149 1991 225 2054 1563
240 1993 275 2051 C.
288 1992 413 2052 Sallustii
423 1993 519 2071 Crispi
530 1992 696 2069 conjuratio
705 1993 850 2066 Catilina,
862 2002 892 2053 et
901 1995 1011 2054 bellurn
1021 1997 1038 2055 J
1042 1998 1240 2074 ugurthinum.

186 2087 326 2166 Ejusdem
342 2089 481 2147 nonnulla
494 2109 530 2147 ex
543 2089 622 2148 libris
637 2088 828 2146 historiarum.
851 2090 1021 2164 Fragmenta
1034 2091 1165 2165 ejusdem
1180 2095 1241 2154 bis.

187 2184 335 2254 toriarurn,
349 2205 366 2243 e
380 2183 571 2261 scriptoribus
591 2182 719 2258 antiquis
738 2183 776 2241 ab
796 2182 874 2242 Aldo
888 2183 1034 2255 hlanutio,
1049 2185 1130 2244 Pauli
1144 2186 1165 2244 1.
1180 2187 1242 2247 col.

184 2277 268 2338 lecta.
290 2279 393 2338 Oratio
404 2278 531 2337 Sallustii
541 2277 569 2335 in
582 2277 763 2347 Ciceronem,
774 2288 801 2336 et
814 2278 905 2338 altera
919 2279 947 2337 iu
961 2280 1138 2352 Sallustium,
1155 2282 1241 2342 Cice·

186 2375 248 2433 roni
262 2373 336 2434 falsu
351 2373 502 2435 attributa.
536 2373 651 2431 Scholia
666 2371 735 2430 Aldi
750 2373 886 2433 Manutii.
919 2373 1011 2431 ludex
1025 2393 1120 2434 rerum
1135 2386 1163 2434 et
1178 2396 1241 2436 ver·

187 2469 289 2528 bomrn
309 2469 549 2529 memorabilium.
573 2477 582 2501 ‘
597 2467 726 2527 Veneriis
741 2483 922 2528 munnam.
941 2471 1020 2546 apud
1035 2471 1158 2531 Paulum
1173 2473 1240 2532 hla-

185 2565 309 2637 nutium,
324 2565 393 2624 Aldi
409 2566 450 2623 F!
465 2562 691 2624 8.—Reuouard
706 2563 813 2622 Annal.
828 2564 895 2621 Vol.
913 2581 935 2623 1.
951 2582 1017 2640 pag.
1033 2573 1102 2626 338.

144 2693 184 2705 -
199 2662 332 2722 Basileae.
348 2671 377 2722 8.
398 2681 449 2739 per
469 2661 559 2718 llenr.
582 2659 670 2719 Petri.
694 2678 721 2717 c.
745 2678 773 2716 n.
797 2659 936 2718 Glareani
949 2670 978 2719 et
990 2661 1054 2720 Jac.
1069 2663 1142 2721 Bnn.
1158 2661 1238 2724 Flos·

185 2759 258 2817 culis
274 2757 397 2818 llulder.
429 2754 552 2814 llutteni
566 2763 596 2814 et
610 2754 696 2814 lndd.

148 2853 225 2915 1564
236 2855 271 2913 C.
284 2851 378 2930 Crispi
393 2849 522 2911 Sallustii
536 2849 702 2927 conjuratio
713 2849 849 2909 Catilina
859 2857 888 2910 et
902 2850 1009 2910 bellurn
1020 2852 1237 2928 iugurthinum.

185 2948 324 3026 Ejusdem
338 2946 477 3006 nonnulla
490 2967 528 3004 err
542 2944 621 3003 libris
636 2945 818 3005 historiarum
831 2968 839 3015 ς
862 2946 956 3006 oratio
967 2947 1094 3006 Sallustii
1113 2949 1142 3006 in
1156 2948 1239 3008 Cite-

183 3063 304 3115 ronem,
320 3052 350 3102 et
374 3042 465 3100 altera
488 3041 518 3098 in
543 3040 710 3099 Sallustium
733 3041 869 3099 Ciceroni
887 3041 965 3103 ,salso
988 3043 1144 3112 attributa:
1169 3063 1238 3103 enm

179 3137 269 3196 ,variis
293 3135 466 3196 lectionibus
489 3143 519 3193 et
542 3132 638 3191 doctis
661 3134 897 3194 annotationibus
915 3136 1003 3210 juxta
1027 3135 1097 3195 Aldi
1115 3137 1240 3198 hlauntii

184 3232 350 3292 editionem.
386 3229 572 3307 Antsrerpiae,
593 3246 643 3303 ap.
656 3226 834 3288 Plautinum.
860 3231 1068 3310 s-nepetna
1084 3252 1120 3291 ex
1133 3232 1241 3293 Aldina

183 3348 231 3388 an.
250 3327 336 3390 1563.
1272 3368 1276 3375 =

145 3456 185 3469 -
199 3424 329 3483 Basileae.
347 3421 409 3482 Fol.
424 3441 475 3499 per
488 3424 581 3481 llenr.
597 3421 684 3483 Petri.
699 3442 727 3482 c.
741 3442 771 3481 n.
790 3421 909 3500 integris
923 3422 1024 3489 Vallae,
1040 3419 1133 3487 nadii,
1148 3417 1239 3491 Soldi,

185 3520 250 3579 Jac.
266 3519 340 3577 Bon.
356 3517 527 3587 Omniboni,
538 3517 668 3590 Zancbii,
680 3517 830 3578 Castilion.
852 3516 930 3575 Rivii
942 3526 971 3574 et
986 3513 1240 3575 Glanum-Huic

184 3612 303 3671 editioni
326 3612 450 3670 accessit
473 3611 639 3670 Constantii
659 3610 758 3668 Felicii
780 3608 936 3668 Durantini
962 3608 1035 3666 liber
1054 3605 1092 3680 de
1114 3607 1241 3685 Conjur.

186 3708 273 3768 Catil.
288 3706 325 3766 ad
340 3707 466 3766 Leonem
481 3720 517 3762 x.
540 3704 664 3762 Omissae
683 3721 753 3762 vero
767 3714 834 3760 sunt
847 3701 1036 3763 Praefationes
1050 3702 1239 3780 interpretum

150 3880 153 3883 Ι
185 3823 296 3873 omnes,
311 3820 434 3880 quarum
449 3798 645 3858 Zauchianam
665 3797 790 3856 maxime
803 3796 948 3859 desiderat
960 3798 1019 3856 Tlr.
1032 3796 1152 3857 Crenius
1166 3796 1240 3856 Ani·

186 3899 283 3958 madv.
299 3899 331 3955 P.
349 3912 404 3956 111.
420 3916 451 3973 p.
469 3905 513 3957 12.
528 3914 572 3971 sq.
588 3894 705 3953 Cortius
719 3912 782 3952 earn
797 3893 930 3972 inspexit.

145 3995 434 4054 ν-81111111111111111
455 3991 571 4050 scholiis
589 3991 624 4050 P.
639 3989 775 4048 Manutii.
797 3989 933 4058 Venetiis,
954 4007 1003 4066 ap.
1023 3986 1142 4047 Aldnm.
1168 3995 1242 4048 8.-.

60 4157 68 4175 ,
187 4090 341 4151 Renouard
356 4089 462 4149 Annal.
478 4087 544 4149 Vol.
560 4103 584 4147 1.
598 4106 629 4165 p.
643 4093 714 4159 314.
736 4085 840 4166 Spuria
852 4083 953 4145 editio.
1050 4122 1055 4132 .

211 4201 298 4267 Delph.
308 4206 332 4253 et
346 4199 404 4252 Vtar.
415 4201 480 4252 cas.
639 4197 739 4250 Sallust.
1125 4191 1174 4243 Π
