3000 5040
470 351 621 402 seusun
643 353 831 402 susurru.
874 347 960 402 use.
983 339 1037 404 lt.
1150 320 1159 338 ”
1232 333 1297 403 aas

199 498 329 560 brrrgense
348 499 412 546 clude
430 496 563 547 auferendi
580 511 651 545 casn.
671 495 727 545 nis.
765 496 813 545 bus
833 503 889 546 teta
910 512 974 547 crux
994 494 1140 559 constabat,
1157 490 1297 548 arrectaria

235 576 431 638 lacmcemucti]
448 575 728 628 Quindeemnirrnce
765 571 843 634 ligno.
870 575 923 622 sive
950 575 1048 637 stipite,
1075 576 1128 624 sive
1158 578 1227 638 pale,
1253 576 1297 642 qni

200 652 251 701 diei
264 653 343 714 possit
354 654 429 700 altam
440 651 533 708 ferisse3
555 657 582 698 et
603 650 727 699 arrblirnea
765 660 853 699 erecta
864 651 972 698 statione
986 652 1011 698 in
1022 661 1116 700 terram
1125 650 1296 705 definiebatur.

201 727 363 790 pependisse,
391 727 434 790 qui
468 724 538 775 affini
570 725 629 775 lrnie
658 726 727 790 ligne
765 726 914 776 staticulum
927 735 952 775 et
966 736 1094 775 statumen
1105 730 1221 791 appellat
1233 730 1297 778 Ten

200 810 283 863 erant,
296 819 343 851 non
360 811 400 852 est
416 803 531 852 dubium.
565 803 632 851 Nam
644 809 672 850 at
683 816 727 851 ne·
766 804 895 853 tullianus.
917 805 982 852 Hac
991 804 1121 866 praecipua
1133 818 1192 866 pars
1201 805 1297 867 crucis,

198 888 286 929 centes
296 880 319 927 in
330 879 508 938 crucenstolli,
518 877 728 926 leiaridicebun·
764 881 819 928 sive
841 881 932 943 major,
950 880 1009 943 qrria
1026 881 1124 941 longior
1140 890 1168 928 et
1183 880 1296 931 densior.

198 962 250 1015 tur,
266 956 399 1003 autetiam
411 969 469 1003 eam
482 955 631 1003 inscendere
650 961 727 1001 etas·
764 953 858 1004 Altera
885 969 944 1016 pars
970 946 1296 1019 transeundumque

197 1030 316 1078 ceudere.
349 1031 401 1079 Sed
415 1030 458 1101 qni
476 1029 578 1093 putabit
593 1044 682 1077 omnes
694 1027 726 1078 ad
764 1031 823 1079 iden
840 1038 952 1079 antenna
970 1031 1125 1093 appellatur,
1142 1046 1199 1079 uam
1210 1047 1296 1081 arrec-

195 1121 275 1156 unum
295 1109 429 1170 exemplar
444 1113 546 1155 erectas
562 1103 651 1165 fuisse,
666 1119 727 1153 sane
764 1106 900 1154 tarianiall
915 1107 997 1154 instar
1013 1106 1100 1167 babet,
1113 1106 1298 1159 transversarla

196 1186 333 1231 erraverit.
367 1183 493 1231 srinttmes
516 1188 590 1231 extra
611 1182 726 1231 ordinem
765 1190 892 1229 antennae.
928 1181 993 1229 Huc
1014 1197 1074 1243 pars
1098 1181 1219 1245 dispessis
1241 1184 1298 1233 bra·

198 1260 292 1322 aliquae
318 1259 527 1309 statuebantur:
561 1260 582 1308 si
608 1261 728 1322 exempla
763 1258 825 1306 chiis
847 1257 967 1307 cruciarii
988 1266 1015 1306 et
1034 1257 1145 1321 alligatis
1157 1261 1228 1323 quasi
1244 1275 1300 1311 ves·

197 1334 299 1384 edenda
320 1335 408 1385 forent
435 1338 461 1385 in
487 1335 585 1385 faniusa
608 1350 728 1398 persana,
764 1335 889 1384 titserar.
923 1337 989 1387 erae
1010 1335 1110 1386 directa
1129 1337 1300 1402 defigebatur,

195 1416 223 1458 et
243 1410 277 1459 eb
299 1418 373 1459 atrox
393 1409 504 1469 facinus,
525 1417 570 1460 aut
580 1411 601 1458 si
612 1411 661 1459 bec
671 1425 728 1473 sup-
765 1417 846 1459 tutum
878 1425 972 1474 corpus
1007 1412 1154 1461 sustinebat
1187 1421 1296 1463 rectum.

195 1488 273 1549 plicia
295 1489 395 1537 ueniret
419 1485 567 1537 afficiendus
586 1487 640 1546 ille,
657 1487 729 1551 cnjus
764 1485 849 1534 Tertia
858 1485 906 1534 fuit
918 1487 1010 1546 sedile,
1021 1486 1047 1535 id
1060 1496 1109 1549 est,
1122 1491 1216 1549 lignum
1228 1488 1296 1552 quot

196 1562 282 1612 edium
295 1572 361 1612 esset
372 1564 440 1626 apud
457 1578 545 1612 omnes
563 1561 729 1626 flagrantiasi·
765 1562 876 1609 amediu
893 1563 1014 1611 staticulo
1033 1564 1085 1613 sive
1101 1565 1192 1627 stipite
1210 1565 1295 1636 crucis

195 1639 276 1696 mum,
284 1646 328 1686 ant
340 1653 497 1701 unaecunque
505 1638 555 1685 alia
566 1638 676 1687 causaid
685 1636 728 1686 lia·
765 1643 854 1684 erecto
866 1638 1006 1698 eminebat,
1016 1639 1058 1686 cui
1069 1639 1197 1704 insidebat
1211 1639 1296 1688 cruci·

199 1713 304 1774 giraret,
348 1715 468 1763 Ceterurn
496 1714 616 1777 vulgares
638 1729 729 1764 eruces
766 1713 842 1761 arius.
875 1714 983 1762 Crucem
995 1716 1101 1764 similem
1117 1733 1174 1766 esse
1184 1719 1241 1766 ‘l'au
1252 1718 1297 1767 δι’·

200 1803 250 1836 nun
260 1790 394 1838 adrnednm
406 1791 471 1838 altas
488 1788 575 1850 luisse,
590 1804 622 1837 ex
635 1804 728 1853 anppe-
767 1789 893 1837 maritano
905 1804 937 1837 ex
948 1790 1059 1851 Origene
1072 1794 1152 1842 tradit
1169 1795 1296 1860 Hierony·

198 1864 292 1926 dauco,
304 1865 372 1928 qnod
392 1865 532 1923 habebant,
543 1865 565 1912 si
581 1865 728 1926 habuerint,
767 1880 835 1913 mus:
854 1865 976 1928 AEgyptio
988 1865 1074 1915 forsan
1084 1867 1199 1928 Salebdi,
1208 1868 1296 1921 dicere

199 1943 301 1992 ostendi
321 1952 415 2007 potest.
451 1946 508 1994 Non
536 1946 604 1993 enim
627 1944 727 2008 apposi·
767 1943 857 2003 voluit,
875 1945 915 1992 vel
932 1944 994 1992 Tavi
1012 1937 1295 2009 tnerae'rtnyssinouim.
1360 1989 1363 1995 .

199 2028 254 2068 tum
277 2020 326 2068 illis
344 2021 546 2084 suppedaneum,
565 2029 593 2070 ut
609 2020 727 2070 cruciarii
766 2020 926 2082 Appendicis
945 2021 1001 2069 loco
1016 2018 1296 2088 censeturt‘uissesup-

197 2107 291 2158 corpus
303 2097 328 2145 in
341 2097 386 2145 illo
399 2096 507 2159 pedibus
517 2097 633 2145 sistentia
645 2096 727 2160 requi·
763 2096 917 2159 pedaneum.
951 2097 1002 2145 Sed
1019 2096 1052 2146 de
1069 2112 1101 2147 ee
1116 2099 1209 2147 merito
1220 2098 1295 2148 dubi·

196 2170 305 2233 esceret,
321 2180 350 2221 et
362 2173 434 2235 qrrasi
444 2173 625 2232 sustineretur,
634 2178 662 2220 ut
673 2171 725 2219 vnl-
764 2177 842 2231 tatur,
867 2185 925 2220 euru
944 2173 1014 2221 nulla
1033 2173 1088 2237 ejus
1107 2175 1175 2237 apud
1195 2182 1296 2225 veteres

195 2258 227 2306 go
237 2261 385 2309 persuasum
401 2249 483 2298 «lectis
495 2262 550 2296 esse
563 2246 649 2296 siden.
683 2246 725 2297 Ad
761 2247 869 2306 mentis,
889 2248 937 2296 uisi
958 2263 1004 2296 nos
1029 2248 1111 2311 Greg.
1135 2249 1295 2301 Turonensis

197 2324 244 2374 lroe
265 2326 333 2373 enim
356 2332 508 2388 suppactnrn
530 2324 589 2385 tuit,
605 2325 726 2371 sitsmeu
764 2311 906 2371 auctorita's
925 2330 1036 2372 moveat.
1071 2323 1168 2371 Ultimo
1186 2329 1242 2372 erat
1258 2338 1297 2374 su-

196 2402 255 2462 tint,
272 2402 393 2450 crucibus
413 2399 545 2460 ὑποπόδιον,
562 2408 592 2448 ut
614 2399 681 2459 pede
702 2399 728 2446 iu
765 2398 852 2460 periris
863 2399 952 2446 tabula
963 2399 1022 2446 alba
1033 2399 1113 2461 nigris
1130 2399 1213 2449 literis
1225 2407 1300 2450 neta·

199 2494 231 2527 eo
243 2477 326 2541 posito
337 2477 476 2526 cruciarius
482 2475 565 2539 pessit
575 2473 730 2522 inscendere
767 2477 802 2530 ta,
811 2473 836 2519 in
846 2488 897 2535 quia
905 2488 981 2521 cerua
991 2475 1079 2523 mortis
1088 2474 1297 2528 describebatur.

198 2571 244 2620 per
254 2569 291 2616 se,
300 2562 327 2603 et
336 2554 430 2610 lienum
443 2552 512 2616 qnod
521 2552 546 2599 in
556 2549 642 2598 medio
650 2549 729 2599 lixum
768 2549 855 2597 Groeci
867 2546 976 2607 aedituus
986 2549 1119 2610 dixerunt3
1140 2553 1208 2616 qnod
1229 2553 1297 2603 idern

198 2640 254 2681 erat
277 2631 399 2688 insidere,
418 2630 509 2678 eodem
532 2640 635 2690 prorsus
646 2625 730 2682 mede,
767 2635 816 2684 est,
830 2632 895 2673 teste
908 2624 1050 2687 Hesychia,
1072 2634 1150 2690 atque
1162 2627 1250 2677 tabula
1260 2627 1297 2677 sl·

198 2723 247 2772 qno
259 2722 338 2772 eques
351 2707 417 2770 pede
437 2705 540 2768 stupedi
559 2702 681 2764 impusitn
695 2701 729 2750 ad
767 2699 808 2748 ba.
825 2699 926 2748 &lassa
1288 2706 1292 2713 ·

197 2783 379 2834 sublevandum
404 2797 440 2844 se,
463 2795 557 2845 eqrrrrm
585 2779 728 2830 adscendit.
798 2775 869 2824 Nunc
886 2789 939 2823 cers
957 2775 1293 2840 numerusnumerous,

199 2861 309 2909 medium
327 2860 413 2922 itaque
433 2858 518 2907 crucis
535 2857 640 2916 lienum,
659 2855 727 2918 quod
764 2859 833 2916 utque
852 2853 953 2900 emnium
968 2867 1045 2901 rerum
1056 2853 1295 2917 besestummrgest,

197 2937 324 2984 eminebat
332 2950 365 2983 ex
376 2933 504 2982 anteriore
517 2940 602 2994 parte,
612 2931 672 2995 equi
682 2930 728 2993 lig·
763 2943 807 2991 pao
828 2930 945 2988 accedam,
958 2931 1000 2974 uui
1015 2942 1071 2988 quos
1080 2926 1203 2989 appellens]
1236 2928 1293 2976 Ma·

199 3012 241 3059 nei
257 3012 340 3059 sicem
356 3010 454 3069 babuit,
469 3009 537 3072 qrrod
550 3007 728 3067 inscendebant,
764 3003 934 3064 nuscriptnm,
944 3007 1014 3062 atque
1031 3001 1134 3048 earnium
1149 3001 1297 3050 maestum

200 3094 227 3133 et
259 3085 393 3147 equitabat
422 3084 568 3133 cruciarius.
596 3082 673 3131 Unde
691 3088 728 3143 ,et
763 3094 931 3141 egestates-usn.
947 3080 980 3127 Et
993 3076 1297 3141 quisuccidumbueluco,

199 3162 380 3223 ἀποχεῖσθαιεο
396 3159 465 3207 dixit
482 3157 632 3207 crucifixum
649 3157 728 3208 Justi·
766 3170 827 3214 nnn,
843 3157 950 3204 secedens
969 3155 1055 3216 legat:
1084 3153 1162 3216 idque
1178 3166 1211 3201 ex
1227 3167 1295 3203 cem·

199 3253 246 3286 nus
259 3237 285 3284 in
296 3235 441 3299 Tryphonis
452 3233 564 3295 dialogo.
599 3232 727 3295 ineolig·
765 3232 934 3281 mentariisin
948 3230 1096 3280 Terentium
1116 3230 1222 3280 Donati.
1255 3229 1295 3281 Aa

197 3328 229 3361 no
248 3311 327 3360 ueluti
350 3308 517 3359 subsidebant
543 3314 599 3357 teto
619 3321 727 3370 corpure
765 3310 830 3359 citat
849 3310 953 3373 quidem
975 3310 1001 3358 in
1025 3309 1156 3371 Hecyram
1175 3309 1296 3359 Donatus

198 3387 344 3447 aristentati,
361 3386 422 3447 qrria
434 3383 498 3431 illud
515 3383 618 3432 natibus
629 3397 726 3445 preme·
764 3388 847 3435 loemu
858 3387 973 3437 Sallustii
983 3386 1121 3450 quendam,
1132 3387 1177 3437 nbi
1192 3387 1212 3436 is
1224 3387 1296 3454 dixe7

198 3465 268 3523 bant,
285 3462 404 3511 cruribus
426 3461 486 3510 bine
507 3459 568 3508 inde
590 3459 725 3522 pendulis:
763 3465 806 3522 rit,
816 3464 824 3490 ‘
836 3465 1028 3524 Quaaceidam,
1038 3470 1083 3512 ant
1093 3463 1172 3527 qnos,'
1187 3463 1295 3513 sednon

196 3539 303 3587 hominis
325 3545 413 3584 aurens
432 3536 469 3583 ita
492 3533 648 3583 subsidentis
670 3533 725 3583 bra·
762 3538 1032 3602 huneopinurebellu
1049 3532 1215 3602 Jugnrtbino.
1241 3540 1295 3589 lte-

196 3611 725 3678 cliisutrinqneaxpansmddnaslatitu·
762 3631 811 3681 qne
833 3616 972 3665 lectionem
994 3616 1124 3679 vulgatam
1149 3617 1295 3679 relinquen·

197 3691 262 3739 dinis
281 3702 367 3753 partes
390 3698 520 3737 extremas
539 3687 726 3749 deligabantur,
763 3693 821 3741 dam
834 3701 904 3755 puto.
939 3693 1059 3741 Ceterum
1078 3693 1193 3756 appellare
1210 3692 1251 3739 tric
1263 3704 1295 3739 eo

200 3769 277 3817 clavis
289 3771 366 3817 etiam
379 3765 472 3815 affixa:
489 3766 568 3829 pedes
585 3766 611 3813 in
623 3765 673 3813 ima
683 3778 725 3813 ex·
764 3769 840 3833 plane
858 3768 934 3818 rn'odo
947 3768 1084 3830 accipitur,
1100 3783 1150 3832 quo
1168 3765 1238 3829 apud
1250 3764 1294 3815 Ci-⁴

198 3842 727 3906 tremirstelongitudinisvinciebantur,et
763 3858 893 3903 cernuam,
904 3857 962 3892 cum
975 3843 1028 3892 ait:
1051 3844 1059 3870 ⁶
1072 3845 1157 3895 Quern
1169 3840 1236 3889 enirn
1248 3837 1294 3887 all·

197 3920 277 3969 cissis
296 3917 504 3979 configebantur:
521 3923 601 3980 capnt
621 3916 727 3964 reclina·
764 3936 806 3969 aur
818 3919 964 3983 appellem?
981 3934 1056 3984 quern
1067 3915 1200 3968 obtesterl
1218 3927 1294 3978 quem

198 4004 250 4045 tum
262 3994 406 4043 habebatur
422 3994 454 4042 ad
469 4001 660 4043 extremitatem
672 3993 726 4041 len·
764 3995 925 4061 implorem?
960 4003 997 4058 er,
1018 3995 1092 4043 ‘Vos
1113 3993 1190 4040 etiam
1213 3993 1294 4054 atque

197 4071 320 4135 girndinis
336 4083 474 4118 summam:
502 4084 549 4119 nec
570 4071 591 4118 is
616 4069 725 4132 pedibus
763 4066 1294 4136 esiumimplornatqneappellosanctini·

197 4149 332 4198 insistebat
364 4146 538 4211 suppedaneo,
563 4147 634 4212 qued
661 4147 726 4196 t'also
764 4166 813 4200 Μ
834 4150 910 4199 dee!
954 4149 1032 4206 luem,
1053 4141 1143 4194 ‘Quid
1166 4140 1292 4202 agendum

197 4226 330 4292 imaginari
348 4232 416 4274 siunt.
448 4223 539 4275 Tribus
549 4233 637 4276 autern
647 4224 728 4287 parti·
764 4229 828 4278 esti·
849 4225 894 4290 qui
915 4224 989 4272 Deus
1010 4216 1197 4282 appellandus?
1218 4217 1293 4284 eujus

459 4416 472 4442 l
