3000 5040
288 346 354 416 528
643 350 750 399 uuum
776 348 975 398 vuurouun
998 349 1039 398 ru

289 521 365 573 garos
379 505 412 554 de
431 499 516 565 reguis
535 493 626 547 testati
645 493 778 556 leguntur,
790 490 817 539 id
853 493 922 557 quod
933 491 1021 544 lerunt
1032 495 1214 561 Grammatiei,
1222 496 1379 550 delectatum

289 578 517 635 commendatiouis
544 569 644 625 tautum
668 573 719 620 vim
747 569 817 635 apud
851 568 1010 633 scriptorem
1018 578 1132 622 nostrum
1142 574 1226 624 verbis
1235 575 1383 640 pluralibus,

288 657 411 724 populum
429 652 549 702 hahebat.
581 649 670 698 Simile
682 653 731 709 est,
748 646 816 710 quod
852 645 920 694 haud
933 661 1001 706 egre
1018 647 1165 697 admiserim
1177 650 1316 715 Prisciani,
1330 652 1383 700 imi·

287 732 356 796 apud
369 730 470 780 Livimu
490 728 606 791 legimus,
618 725 716 787 Regem
730 725 817 772 hince·
852 721 936 770 tustini
944 722 1113 784 ubtuteseim
1129 727 1178 775 etsi
1189 741 1331 789 pronomen
1342 742 1383 776 sn·

284 811 380 860 donum
408 805 565 868 Philippum,
590 815 649 850 cnm
678 801 774 848 Persea
800 813 816 846 a
852 800 1228 864 pervacaneumvideriqueat.
1261 801 1338 852 ideas.

286 900 366 950 reguo
378 897 475 942 arcere,
490 889 518 930 et
536 880 594 944 ejus
612 878 668 926 loeo
681 889 767 938 regem
778 871 815 922 fa·
885 873 975 934 Neege
985 874 1178 923 mlhreelibem
1187 875 1380 940 muriaeque·

285 977 346 1013 cere
368 960 449 1010 vellet
474 956 634 1020 Aritigouum
661 948 749 1000 fratria
774 948 814 998 sni
851 948 933 998 &deur
950 951 1070 1015 reniae]
1085 951 1233 1014 Lugendum
1254 966 1270 1000 e
1291 951 1381 1002 Fabri·

284 1040 375 1100 tilium,
394 1037 488 1086 obiisse
506 1028 668 1083 Macedoniae
690 1026 814 1085 urhes,ut
851 1025 1053 1085 cunemine
1062 1027 1153 1089 ridear,
1173 1041 1241 1090 qum
1253 1028 1381 1089 genuisse.-

284 1099 813 1179 Priucipihusillumeomrueudaret.Alio·
850 1114 929 1164 porro
953 1102 1070 1167 ιιιιιιίικ,
1099 1117 1147 1167 pro
1167 1104 1286 1165 dapem
1303 1101 1379 1154 dixit.

285 1193 330 1259 qui
358 1199 469 1242 testatur
487 1187 646 1244 Herodotus,
669 1180 812 1231 Hitloriottt
850 1177 943 1228 Rittiu-

283 1269 394 1319 emulum
406 1259 722 1332 antiquissimus,omuinm
733 1271 812 1321 popu·
855 1284 857 1289 -
880 1254 1118 1319 Liberosmmpsine]
1134 1255 1377 1319 ltaGrreei,Theo·

282 1336 686 1395 lorumfuisseconsuetudinem,
698 1340 727 1381 nt
746 1342 809 1382 natu
848 1329 933 1395 philus
953 1339 981 1380 et
1003 1331 1220 1394 Harmeaopulus,
1247 1330 1377 1392 maduere

282 1423 355 1488 prior
367 1432 472 1482 reguum
488 1414 612 1463 obtineat.
645 1407 715 1460 Quin
732 1415 758 1456 et
776 1421 809 1456 ex
848 1421 895 1470 pro
906 1409 1019 1472 adoptare
1030 1416 1160 1472 usurpant.
1194 1409 1271 1457 Celer.

281 1492 476 1549 cousuetudine,
488 1489 511 1536 si
521 1487 660 1549 Egyptnm
671 1489 699 1532 et
707 1482 810 1532 Britan·
880 1484 948 1533 Cer.
961 1488 990 1534 ll
1003 1483 1086 1547 dueta]
1103 1483 1135 1534 Id
1146 1490 1195 1550 est,
1205 1486 1326 1550 exequias
1336 1485 1376 1536 fu·

280 1570 349 1620 nium
358 1566 481 1630 excipias,
491 1563 595 1627 sequior
603 1575 680 1610 sexus
692 1573 770 1623 regno
781 1566 810 1609 ut
847 1559 947 1610 hebres.

279 1643 419 1708 plurimum
438 1639 593 1691 excluditur.
627 1637 734 1685 Mortuo
749 1650 809 1685 vero
879 1638 962 1701 desto]
977 1639 1009 1688 lu
1019 1639 1262 1713 codiceNaaarieno
1272 1640 1376 1703 legitur,

279 1734 328 1770 aro
337 1733 417 1783 nepos
427 1715 520 1767 extilie
530 1712 716 1776 defuncturum
728 1713 811 1776 major
838 1713 971 1773 justitium.
987 1715 1062 1767 Quod
1072 1717 1206 1766 excutiant
1213 1716 1326 1766 homines
1335 1717 1376 1766 Li·

279 1801 343 1844 natu
353 1792 449 1856 suerat,
458 1791 585 1851 succedit,
595 1803 645 1838 nou
655 1802 718 1837 rere
728 1786 809 1837 irater
847 1791 935 1841 bitiae
962 1792 1054 1853 amici,
1088 1808 1146 1842 uam
1169 1792 1231 1841 mihi
1258 1790 1374 1856 proiecto

279 1870 376 1918 miuor:
404 1869 473 1916 sieut
494 1875 522 1916 et
549 1866 593 1914 iila
622 1878 699 1914 eausa
722 1878 816 1936 coram,
845 1866 926 1916 ferme
936 1881 964 1917 se
975 1867 1077 1932 probet.
1095 1869 1167 1918 Grnt.
1195 1867 1306 1917 Omnino
1317 1868 1375 1931 reji-

277 1944 388 2009 Epirotis
400 1943 469 2007 apud
481 1941 690 1991 lacedemonius
710 1940 809 2001 agitato
845 1943 973 2006 ciendum,
984 1945 1045 2010 quid
1055 1945 1124 1995 euim
1135 1959 1178 2007 ea,
1194 1945 1373 2010 mugurfieejes·

278 2025 307 2068 et
325 2019 412 2066 decisa
429 2016 488 2066 suit.
522 2018 601 2066 Etex
621 2014 807 2064 cousuetudine
844 2017 1027 2077 titiumsueerei
1059 2021 1138 2084 Thya.

275 2093 312 2144 lta
323 2102 449 2143 servatur.
485 2091 555 2140 Grot.
877 2095 960 2143 Etiam
977 2099 1033 2144 unte
1052 2097 1225 2158 ignobilitatem
1240 2096 1374 2162 legurm]

311 2165 606 2230 Quietuteeteupiestiu
620 2165 688 2228 prior
705 2162 741 2225 er]
772 2162 805 2212 ln
843 2167 1132 2231 legendnm,usteu:id
1142 2179 1170 2220 et
1181 2172 1281 2234 plenius
1292 2178 1333 2221 est
1345 2176 1372 2221 e't

276 2244 487 2308 Merseburgensi
503 2249 531 2293 et
541 2241 671 2306 impressis
680 2239 804 2289 vetustio·
841 2244 980 2293 sonantius.
1013 2245 1083 2297 Quid
1100 2247 1122 2295 si
1135 2246 1236 2295 divisim
1246 2247 1325 2310 legas,
1347 2252 1372 2296 et

276 2324 420 2387 libusque
430 2317 706 2384 atate,tsc.aedeodem
718 2331 805 2367 nentu-
833 2319 887 2381 idm
898 2318 986 2372 odeo?
1003 2323 1048 2372 uhi
1060 2337 1105 2373 uos
1117 2322 1273 2386 conjunctim
1290 2323 1370 2374 etium⁸

275 2400 356 2450 Forte
366 2400 452 2464 aliquo
468 2399 494 2447 iu
513 2395 655 2459 exemplari
675 2393 802 2457 scriptum
841 2397 938 2450 Rivius,

275 2477 482 2540 erat,qnioetute,
493 2474 559 2524 utin
570 2472 644 2522 initio
655 2471 803 2535 posterioris
874 2475 982 2526 Dexter-u
993 2476 1149 2528 Adherbalem
1164 2476 1267 2525 adsedit:
1282 2489 1312 2524 ue
1323 2490 1370 2525 rue·

274 2550 396 2603 dictionis
408 2551 476 2602 foret
485 2551 658 2615 diphthongus
668 2564 703 2597 ωε
720 2546 746 2595 id
758 2548 804 2597 ali·
841 2551 895 2599 dine
905 2566 937 2599 ex
947 2551 1033 2614 tribus]
1061 2552 1131 2600 Hine
1147 2551 1179 2600 de
1191 2551 1293 2600 Didone
1305 2551 1371 2601 dixit

274 2629 393 2692 quianon
410 2627 566 2689 intelligens,
577 2626 645 2672 iilum
663 2640 677 2671 u
689 2624 803 2672 vocalem
842 2625 968 2690 Virgilius
979 2643 1054 2677 versu
1068 2643 1146 2692 supra
1161 2629 1256 2677 citato:
1273 2627 1371 2676 ‘medi-

274 2702 410 2765 particulm
422 2700 582 2763 praecedeuti
593 2697 708 2746 addidit:
726 2704 804 2761 atque
842 2714 935 2764 amque
946 2702 1064 2751 locavitr'
1081 2705 1149 2766 quod
1170 2704 1191 2750 is
1201 2704 1280 2764 lucus,
1291 2711 1320 2752 ut
1332 2703 1370 2751 ait

271 2775 311 2827 its
321 2775 407 2824 forsan
427 2776 479 2837 legi
496 2779 609 2836 emptum
621 2773 684 2834 qum,
697 2785 743 2833 pro
753 2771 801 2832 qui.
840 2774 985 2837 Sallustius,
994 2780 1057 2839 opud
1071 2778 1197 2826 Numidiae
1207 2779 1290 2827 honori
1300 2780 1369 2827 duee·

271 2852 370 2900 Verum
381 2850 491 2899 hieuihil
502 2847 636 2897 admodum
646 2845 800 2908 pronuntio,
839 2852 922 2897 retur:
938 2859 965 2900 et
986 2850 1094 2901 sortasse
1116 2866 1200 2914 voces,
1221 2868 1252 2901 ex
1280 2853 1366 2914 tribus,

272 2930 373 2978 lantum
384 2926 512 2975 diversunt
525 2924 661 2972 lectionem
672 2928 800 2970 estauno·
840 2921 981 2985 abundant,
1000 2932 1028 2973 nt
1045 2926 1154 2974 diximus
1172 2942 1256 2989 supra.
1290 2930 1366 2979 Quod

272 3003 432 3054 tarerisum.
466 3001 560 3051 Rivius.
838 3004 925 3047 autem
947 3002 1102 3064 paulopost
1128 3001 1366 3062 ait,‘1uteraliss

306 3082 385 3130 Colite
398 3087 421 3130 et
437 3080 555 3129 obsnmte
563 3079 633 3127 lolem
643 3076 702 3124 hirae
711 3067 799 3130 eimau]
838 3088 878 3123 res
885 3075 969 3137 jacit,’
978 3077 1003 3124 id
1016 3077 1118 3126 videtur
1128 3077 1242 3128 imitatus
1252 3081 1367 3144 Tacitus,

270 3154 303 3204 'rb
321 3162 345 3206 et
357 3172 407 3205 nou
419 3165 459 3207 est
470 3157 496 3205 in
508 3157 570 3204 hias.
589 3168 637 3202 nee
648 3153 704 3201 aliis
714 3160 799 3202 vetus·
837 3166 895 3200 eum
907 3153 973 3201 dixit
991 3155 1009 3202 Ι.
1027 3167 1048 3202 r.
1062 3156 1071 3183 ⁴
1084 3155 1210 3205 Quedam
1221 3156 1255 3207 de
1266 3158 1365 3219 habitu,

270 3229 798 3303 tioribua;etsieestSallustiauummugia.
836 3228 959 3293 cultuque
977 3236 1004 3279 et
1026 3231 1152 3282 institutis
1171 3234 1228 3297 ejus
1245 3232 1365 3298 jecerat.¹

271 3304 348 3353 idem.
839 3303 946 3353 Ursinus.

303 3380 542 3440 colite,reuerumiui
553 3386 576 3428 et
591 3381 710 3430 obseruate
728 3381 798 3428 lolem
868 3381 965 3430 Dextro
976 3382 1131 3434 Adherbalem
1153 3387 1252 3447 adsedit,
1271 3401 1300 3435 se
1318 3400 1364 3435 me·

267 3453 427 3516 houebrum]
455 3455 485 3504 In
498 3456 614 3504 omnihus
624 3457 744 3519 antiquis,
753 3471 797 3505 uu·
835 3456 1009 3520 dimexudu]
1036 3461 1145 3511 (luridam
1164 3462 1267 3510 codices
1287 3461 1363 3511 habe-

267 3527 367 3592 tisque,
380 3545 437 3592 quie
447 3531 508 3592 vidi,
519 3533 717 3595 exemplaribus,
725 3535 796 3581 lucus
835 3528 907 3589 haut,
927 3539 983 3583 uste
1003 3536 1159 3586 Adherbalem
1178 3539 1283 3586 adsedit:
1301 3551 1362 3587 saue

267 3602 310 3653 hic
319 3619 435 3667 manens,
447 3607 644 3672 deminutusque
655 3607 718 3656 fuit:
737 3623 795 3658 eum
833 3604 989 3657 illuddeeua
999 3613 1144 3674 ambiguum
1154 3619 1208 3661 est:
1222 3614 1283 3662 uihii
1294 3616 1363 3664 euim

268 3693 315 3728 nos
331 3681 485 3744 replevimus
504 3696 539 3732 ex
559 3684 699 3744 Prisciuno,
711 3684 795 3733 locum
833 3680 924 3744 refert,
945 3685 999 3734 sive
1021 3685 1114 3735 dextra
1128 3686 1290 3751 Adherbalis,
1309 3692 1363 3741 sive

267 3757 455 3807 huueeitante.
488 3760 586 3823 Pupam.
833 3759 991 3824 Hiempsalis
999 3752 1136 3837 intelligas,
1145 3767 1221 3817 modu
1229 3770 1362 3836 Hiempsal

302 3837 388 3896 Colite,
408 3837 527 3886 ubsenute
545 3840 686 3888 tutesuhurc
707 3840 794 3903 owni]
832 3837 973 3888 Adherbali
996 3842 1111 3904 proxime
1133 3844 1273 3898 adsederit.
1316 3850 1360 3900 δίο

267 3914 340 3966 Nihil
351 3916 408 3979 plus
426 3921 464 3962 est
482 3915 507 3961 iu
527 3918 633 3965 nostris:
650 3917 738 3982 itaque
757 3916 795 3967 fa·
833 3916 900 3965 enirn
912 3919 952 3965 vel
965 3918 1019 3979 ipae
1033 3918 1175 3983 Hiempsal,
1187 3938 1237 3988 qua
1251 3925 1360 3988 juvenili

266 3996 353 4039 cessat
372 3989 473 4052 Poprna
492 4002 549 4036 cum
579 4004 625 4038 suo
656 4000 795 4057 praeterea,
832 3999 888 4039 erat
907 3990 1024 4053 arrdacia,
1038 3992 1118 4042 fiebat
1135 3997 1360 4059 uredius,veldd-

266 4066 424 4116 oeneroruiri:
440 4065 501 4113 milri
522 4065 589 4113 enim
610 4064 693 4115 adhue
713 4067 794 4117 abnu-
832 4065 1009 4131 herhal,quod
1019 4069 1078 4131 jure
1091 4080 1201 4133 poterat.
1232 4074 1259 4121 Si
1272 4074 1359 4137 itaque

267 4139 450 4204 denudetur,
460 4140 537 4190 colite.
571 4141 708 4192 Gruterus.
831 4140 858 4189 ln
868 4143 943 4191 nediu
952 4147 1040 4210 redere,
1057 4147 1116 4211 plns
1131 4155 1187 4197 erat
1199 4161 1273 4212 qnam
1285 4163 1359 4212 sirpe·

299 4217 432 4268 lsritmiui
451 4218 576 4283 sidetem]
606 4219 634 4269 Sl
650 4234 740 4273 verum
752 4229 794 4274 est
831 4217 1358 4289 hemduqutroeomtnurefentuuuam
