3000 5040
503 419 558 467 nr.
572 400 606 466 ²1.
630 420 678 465 na
703 417 785 466 nne.
807 417 1045 470 onnrununo.
1252 398 1319 471 778

224 557 363 610 nobiliores
385 562 451 624 iilos,
472 555 620 624 Lentulum,
642 560 754 610 Marcel·
823 560 1013 628 Qaoe'corruptas
1027 561 1236 626 coimusjubebot]
1268 563 1318 614 Ve-

219 636 286 697 'lnm‚
295 637 448 700 Scipionem,
459 639 591 687 Catonem.
626 639 686 700 lpse
696 638 753 686 Cre·
788 644 830 687 tus
842 640 931 702 editio,
948 657 999 703 qaoe
1008 645 1117 701 corrupto
1127 636 1317 701 onimojobebot,

225 726 267 760 sar
285 714 303 760 l.
322 727 340 760 r.
361 714 393 762 de
413 715 487 763 Bello
507 715 564 764 Cir.
588 714 752 762 ‘Paucorum
786 713 846 763 lrinc
872 716 971 765 scilicet
999 716 1128 777 vulgarem
1161 715 1316 776 scripturam

224 786 372 838 ioctiouenr'
400 791 523 853 appellat.
575 791 639 838 Huc
667 789 751 837 omnia
786 790 865 838 nosci
899 792 996 840 Omnes
1012 789 1316 852 Musquoecorruptomi-

124 908 126 913 .
223 865 328 926 copiose
350 866 405 928 ipse
427 867 515 914 Cacsar
536 875 563 915 ct
584 866 750 914 Plutarchus.
787 865 932 915 irrolrrlrebot.
951 868 1048 916 Carrio.

137 993 138 996 Ἴ
223 936 325 987 Paucos
342 949 427 990 autcm
447 942 497 990 isto
510 957 565 989 arvo
577 948 604 989 et
617 943 666 988 ista
676 941 749 1002 Reip.
820 943 932 991 Cioiiiter
949 940 1061 1006 deponas]
1086 942 1188 990 Victori
1207 940 1258 989 duo
1277 940 1315 990 fa'·

222 1012 315 1078 forma,
336 1019 474 1073 vocabant,
495 1031 556 1078 quoa
574 1016 666 1063 Cicero
683 1015 750 1076 opti·
786 1029 846 1064 cere
858 1014 963 1065 necesse
981 1026 1031 1076 est,
1049 1024 1077 1065 ut
1093 1032 1184 1078 pacem
1196 1032 1246 1065 non
1258 1024 1314 1066 tao·

222 1097 313 1140 mutes.
348 1092 402 1139 Aut
413 1099 486 1139 certe
497 1093 533 1138 ita
544 1090 667 1137 invidiosa
683 1089 750 1137 dixit
786 1096 840 1138 tum
859 1092 924 1139 bene
942 1095 1092 1153 constituat,
1110 1094 1155 1142 sed
1173 1096 1251 1143 etiam
1262 1094 1315 1142 bal·

221 1166 364 1216 Sallustius.
398 1168 464 1215 Nam
477 1181 539 1214 voce
553 1179 690 1226 paucorum
702 1163 750 1213 diu·
784 1167 838 1214 lmn
855 1168 966 1215 civiliter
985 1166 1107 1229 deponat.
1142 1171 1212 1218 Puto
1227 1177 1312 1218 auteur

220 1242 485 1305 pnpxlasigniticatur.
503 1241 577 1289 Idem.
784 1241 895 1290 civiliter
915 1234 1024 1305 deponit
1044 1243 1149 1303 beilum,
1170 1247 1212 1308 qul
1232 1246 1313 1308 magis

253 1319 358 1380 Inimici]
396 1317 547 1366 iuimicitias
558 1315 643 1366 refero
655 1317 687 1366 ad
700 1318 747 1367 Co·
783 1316 859 1365 victis
869 1311 987 1380 ignoscit,
996 1333 1071 1382 qnam
1079 1318 1198 1381 indulget
1208 1320 1314 1381 ultiooi;

219 1403 313 1460 ionem,
341 1394 500 1448 affinitatem,
526 1394 558 1443 ad
591 1394 746 1458 Scipionem.
784 1392 851 1455 quod
865 1393 927 1456 jore
945 1393 1006 1441 belli
1022 1391 1078 1441 ficri
1097 1407 1171 1456 posse
1191 1389 1311 1443 etsolers

217 1471 291 1521 lm
783 1481 861 1530 supro
881 1467 943 1516 dixi.
977 1469 1027 1517 Sed
1047 1468 1108 1532 qnid
1128 1477 1214 1518 tamen
1232 1469 1313 1532 magis

250 1551 335 1597 Cetera
353 1547 489 1610 multitudo]
522 1546 663 1610 Pompejus
684 1545 745 1594 belli
783 1553 841 1591 cum
852 1544 968 1606 periculo
979 1545 1143 1607 conjunctum
1156 1559 1233 1607 quam
1252 1545 1311 1594 talis

217 1638 306 1674 caussa
325 1623 459 1672 discedens
475 1623 508 1672 ab
527 1623 598 1682 urbe,
615 1623 641 1669 in
653 1629 744 1671 senatu
781 1619 857 1667 etiam
869 1620 1179 1683 compositio,praesertim
1192 1627 1250 1683 post
1258 1620 1313 1670 bel·

217 1700 328 1760 dixerat,
347 1697 437 1746 codem
453 1692 488 1746 vse
510 1696 656 1745 habitururn
676 1698 743 1757 loco,
781 1694 832 1744 lum
852 1695 944 1744 civile?
970 1696 1021 1744 Hic
1040 1696 1249 1759 praecipuarum
1267 1711 1310 1746 ve·

216 1775 260 1839 qui
279 1776 365 1822 Romae
388 1773 581 1832 remansissent,
602 1780 628 1820 et
651 1773 694 1836 qni
716 1773 742 1820 in
781 1784 835 1818 rum
846 1772 903 1832 erit,
915 1771 982 1835 quod
993 1772 1096 1820 Tacitus
1109 1771 1200 1820 scribit
1216 1772 1262 1821 lib.
1275 1785 1308 1823 ιι.

216 1851 308 1899 castris
328 1851 437 1899 Casaris
458 1842 575 1896 fuissent.
610 1849 667 1897 Hoc
686 1850 742 1912 ipse
779 1845 848 1895 Hist.
871 1847 940 1894 iuter
961 1847 1071 1894 victores
1090 1846 1223 1911 victosque
1245 1860 1310 1896 nun·

215 1927 304 1976 Caessr
325 1926 341 1975 l.
362 1940 381 1975 r.
404 1925 461 1974 Bel.
483 1924 538 1972 Cir.
573 1925 632 1975 Quo
654 1922 742 1974 effecit
778 1936 854 1985 quarn
866 1921 974 1970 solidam
987 1921 1114 1971 coaluisse
1127 1937 1224 1984 pacem.
1243 1922 1308 1972 Cur·

213 1999 585 2064 Pompejrmrrtdiscedeotem
597 2000 741 2062 tamplcbis
778 2000 830 2046 tius
851 2000 869 2046 l.
892 2012 954 2046 rrrr.
981 2000 1072 2050 ‘Quos
1092 1999 1194 2058 viceris,
1212 1999 1309 2050 amicos

213 2068 289 2142 qnam
300 2076 441 2126 nobilitatis
453 2077 554 2138 agmina
563 2083 740 2140 sequerentur.
778 2074 825 2121 tibi
838 2087 894 2120 esse
905 2086 967 2120 cave
979 2073 1078 2133 credas,
1096 2074 1165 2121 inter
1176 2074 1306 2124 dominnm

212 2151 286 2201 Idem.
379 2179 381 2182 >
778 2147 1198 2196 etserrumnullaestamicitia!
1231 2149 1306 2199 Ideni.

243 2229 302 2276 Post
313 2227 375 2276 olias
390 2227 473 2289 alium]
505 2227 589 2289 Supra
609 2226 677 2274 bello
694 2227 741 2277 Ju·
810 2222 1126 2286 Ilioatqormjostirsims]
1143 2224 1305 2284 Glareanus;

211 2304 294 2368 gurtb.
310 2303 740 2366 ‘Deindeabeomagistratusali-
776 2300 818 2349 iilo
835 2300 1080 2363 quidemjartirsimu.
1109 2299 1187 2348 Fabri
1205 2306 1232 2347 et
1248 2300 1306 2348 Bri·

210 2388 254 2428 nnr
266 2388 324 2443 post
335 2381 411 2427 alium
430 2379 481 2426 sibi
498 2373 600 2440 peperit
609 2379 624 2426 :’
643 2386 670 2426 et
688 2394 740 2428 rur·
776 2379 872 2440 roneti,
888 2378 924 2426 illi
939 2376 1159 2440 qoamjusrinims.
1194 2376 1248 2425 Pro
1260 2391 1304 2426 no·

210 2469 261 2517 ans,
275 2454 349 2502 ‘aliis
362 2461 420 2517 post
430 2455 487 2501 aliis
498 2453 627 2502 minitari!
645 2456 739 2504 Viden·
776 2454 814 2502 bis
826 2461 865 2502 est
876 2456 1026 2503 Vaticanus.
1061 2453 1156 2501 Carrio.

210 2528 270 2577 dum
278 2544 339 2592 ergo
348 2543 378 2576 an
386 2529 427 2577 bic
435 2529 486 2592 legi
495 2528 598 2587 debeat,
608 2530 679 2579 Alius
685 2537 738 2594 posi
806 2531 846 2579 Dc
856 2535 879 2578 te
889 2531 939 2592 ipro
949 2531 1061 2592 primam,
1070 2528 1124 2591 quis
1135 2529 1306 2591 compositam

207 2606 290 2668 aliam,
303 2620 343 2668 an,
349 2611 402 2669 port
411 2606 486 2653 alium
494 2605 563 2654 nlius.
582 2608 666 2657 Circe.
773 2624 804 2670 ss,
815 2612 875 2672 quod
885 2606 1069 2671 optimumfocia
1077 2606 1123 2668 ert]
1146 2607 1195 2655 Vr.
1207 2622 1247 2656 cc.
1259 2607 1303 2658 ltn-

242 2683 334 2737 Qaibus
345 2681 420 2728 omniu
428 2680 525 2743 probro]
558 2682 736 2746 Coujicionoo
773 2684 894 2747 bentqoi
910 2700 937 2732 es
954 2684 1120 2746 compositurus
1133 2683 1303 2745 es,qaidopti·

207 2755 289 2807 sitisse
313 2755 392 2804 infimi
415 2757 513 2805 ordinis
540 2757 663 2821 homines,
689 2760 735 2808 sed
772 2775 844 2821 mrim,
863 2763 903 2823 isc.
938 2759 1083 2808 Videndum
1102 2758 1164 2807 item
1185 2772 1226 2820 sn,
1242 2758 1303 2822 opii·

207 2832 323 2897 equestri
335 2847 422 2881 censu.
455 2833 498 2880 De
508 2833 619 2882 Curione
631 2836 734 2897 quidem
771 2853 833 2885 mam
842 2837 938 2894 sociam
956 2836 1034 2884 scribi
1052 2835 1157 2895 debeat,
1173 2848 1230 2897 pro,
1240 2829 1302 2896 opti·

208 2917 302 2958 resest
320 2909 478 2972 pervulgate.
512 2910 539 2958 1s
557 2911 628 2973 quasi
649 2912 734 2961 conci·
770 2912 919 2977 mansueta.
951 2913 993 2961 Sic
1005 2911 1072 2960 enirn
1089 2910 1170 2959 locuti
1184 2916 1245 2958 sunt
1256 2923 1300 2959 ve·

204 2985 281 3034 lictor
293 2992 319 3034 et
331 2985 446 3047 pirarius
457 2985 657 3035 caesarianorum
675 2986 734 3049 fuit,
772 2994 840 3036 teres
867 2989 1015 3051 scriptores.
1059 2987 1158 3035 Seneca
1185 2985 1218 3034 de
1245 2985 1300 3034 rita

204 3059 290 3124 obque
301 3060 327 3109 id
347 3061 457 3108 maximo
475 3074 526 3109 rere
546 3062 630 3109 alieno
643 3063 734 3113 libera·
772 3063 856 3123 beatu,
868 3077 891 3111 c.
904 3069 943 3111 ll.
955 3064 982 3110 in
993 3078 1016 3110 v.
1029 3076 1052 3110 c.
1072 3061 1080 3088 ⁴
1093 3059 1225 3120 Quamvis,
1236 3059 1298 3124 quid

204 3144 246 3183 tus
266 3149 281 3182 a
298 3134 411 3193 Caesare,
431 3142 459 3182 ut
478 3134 567 3183 scribit
586 3136 648 3183 Dio.
680 3138 733 3187 Sed
769 3139 894 3200 optimum
912 3137 1008 3187 facturn
1027 3138 1069 3196 sit,
1081 3151 1130 3185 non
1143 3135 1202 3199 quid
1221 3136 1299 3185 usita-

202 3208 294 3258 cadem
312 3208 353 3257 ria
364 3209 427 3256 alios
443 3209 520 3257 etium
539 3211 673 3258 nonnullos
684 3212 732 3260 sibi
769 3214 894 3262 tissimum
905 3214 922 3261 ι’
939 3221 967 3262 et
977 3213 1113 3262 Sallustius
1124 3212 1179 3275 ipse.
1191 3211 1216 3259 in
1229 3211 1297 3260 Bell.

201 3285 326 3334 obnoxios
337 3283 434 3333 fecerat
444 3284 540 3333 Cesar.
573 3287 611 3334 Ea
623 3301 664 3335 res
674 3302 731 3338 cum
767 3289 921 3354 Jugurthae:
940 3290 948 3316 ‘
961 3289 1046 3340 Quare
1064 3288 1189 3351 optimum
1200 3286 1297 3336 facturn

202 3359 271 3423 apud
290 3359 464 3423 Pompeianos
480 3375 598 3424 magnam
610 3362 730 3414 invidiam
768 3366 872 3430 quidem
892 3365 958 3429 tibi,'
977 3369 1025 3415 &c
1066 3365 1108 3414 Sic
1129 3366 1197 3413 enim
1214 3363 1296 3411 estin

202 3431 627 3498 faceret,inridiarrrauxerunt‚et
644 3438 730 3501 perdi·
767 3457 809 3490 vv.
827 3458 866 3493 cc.
895 3442 960 3491 item
978 3442 1071 3490 Cicero
1090 3440 1116 3487 in
1137 3438 1212 3487 Catil.
1228 3449 1248 3483 1.
1267 3441 1297 3505 ut

201 3510 325 3559 tissimum
342 3512 508 3574 quemquein
525 3513 730 3564 Caesariscnstra
766 3519 852 3565 estin
876 3532 899 3566 v.
917 3533 940 3566 c.
964 3516 1040 3576 ‘Ego
1060 3514 1081 3560 si
1100 3514 1148 3559 hoc
1168 3509 1295 3573 optimu!

200 3586 238 3633 ire
250 3586 392 3647 jusserunt,
410 3589 506 3650 quippe
527 3588 569 3635 nbi
589 3596 617 3637 et
636 3591 728 3639 civium
766 3590 861 3639 facturn
869 3590 1016 3651 judicarem
1026 3587 1041 3635 :’
1058 3592 1085 3634 et
1096 3586 1205 3634 Plautus
1215 3584 1296 3635 Anin-

199 3661 282 3724 spoiia
294 3660 416 3707 darentur
428 3667 456 3707 et
467 3663 591 3709 creditum
602 3664 729 3712 condona-
766 3665 941 3712 inrisione.
967 3661 1045 3710 ‘Hoc
1060 3661 1121 3708 milri
1136 3658 1294 3727 foetumop·

198 3744 271 3787 retur
287 3733 394 3784 affatim.
428 3734 526 3798 Atilii,
546 3737 589 3784 ubi
609 3735 728 3789 viderunt
766 3739 854 3786 timum
865 3736 983 3798 est,'&c.
1019 3735 1127 3784 Ursinus.

197 3819 288 3862 contra
309 3825 376 3872 esse,
395 3826 480 3875 neque
500 3812 627 3861 Cursarem
647 3815 727 3864 credi·
798 3814 862 3869 Quia
882 3813 1051 3876 compositurus
1072 3811 1108 3874 er]
1133 3813 1290 3864 Vaticanus:

197 3883 251 3938 turn
272 3888 427 3948 condonare,
444 3887 563 3950 nulloque
591 3890 675 3952 modo,
698 3897 726 3940 ot
763 3890 1016 3953 prieneomporitarsr
1029 3903 1061 3938 es.
1095 3889 1194 3938 Carrio.

196 3964 329 4014 Ciceronis
341 3965 420 4012 verbo
432 3971 497 4024 utar,
508 3964 671 4028 sullaturire,
682 3967 726 4016 de-
796 3965 910 4028 Equidem
928 3980 971 4026 ego
990 3970 1081 4026 mocio,
1098 3963 1150 4027 isc]
1178 3963 1292 4015 Profert

189 4038 334 4090 tinxerunt.
384 4040 486 4104 Reliqui
507 4039 534 4086 in
556 4041 645 4090 castris
667 4056 724 4092 esse
761 4039 898 4089 manifeste
912 4040 1051 4089 Sallustius
1070 4038 1233 4088 clementiam
1253 4039 1291 4088 nl·

195 4115 352 4176 maluerunt,
374 4115 464 4178 quibus
486 4115 575 4165 Roma
594 4131 645 4165 nou
664 4118 724 4167 licc-
761 4115 841 4176 tioni;
858 4116 917 4164 huic
933 4114 1096 4164 crudelitatis
1107 4129 1199 4164 nomen
1210 4115 1290 4178 impo-

195 4189 252 4252 bst,
277 4191 311 4239 ob
337 4189 495 4240 creditorum
524 4191 723 4247 multitudinem.
760 4193 808 4251 uit,
829 4193 962 4242 retrahens
982 4191 1085 4241 scilicet
1105 4192 1235 4241 cesarem
1253 4191 1288 4243 ab

187 4258 272 4317 idaia.
760 4267 886 4333 exemplis
895 4266 985 4330 Sullas,
994 4265 1082 4331 Marii,
1090 4271 1119 4318 st
1129 4265 1226 4338 talium.
1253 4266 1289 4318 lt
