3000 5040
537 372 782 434 rnsouuurs,
807 373 878 423 ura.
896 374 953 423 ur.
1232 360 1296 426 711

201 528 263 578 pra:
279 513 410 563 ‘Inmane
422 513 494 563 dictu
505 520 547 562 est
558 513 664 577 quanti,'
676 518 726 564 &o
768 514 903 564 Prisciuno
928 514 998 565 bello
1016 514 1171 578 Jugurtlrinn
1191 514 1298 580 tributo,

202 601 229 641 et
240 592 365 641 Horatius
382 590 473 638 eodem
489 591 578 639 inodo:
595 591 728 640 ‘immane
769 591 837 654 quod
857 598 942 640 tamen
962 591 988 640 in
1008 598 1063 640 toto
1083 592 1127 640 illo
1146 605 1226 654 opere
1244 605 1297 640 non

202 675 325 732 quantum
338 666 486 729 discrepat?
505 666 613 715 Ursinus.
768 666 1297 730 comparet:nosiuterincertaretulimus.

232 744 267 790 At
278 742 314 790 illi
325 742 417 804 quidus]
433 743 615 804 Fragmentum
627 741 675 790 hoc
696 754 730 791 ex
767 742 810 792 Sic
822 742 890 806 qnod
903 743 950 791 lroc
962 742 1053 791 eodem
1063 743 1129 791 libro
1141 740 1296 790 delevimus:

201 817 307 865 incertis
323 816 355 865 ad
379 818 470 866 librum
487 818 555 866 hunc
573 817 730 876 reduximus,
768 818 1004 881 ‘Circurnapectare
1015 818 1109 877 omnin,
1118 825 1144 865 et
1156 816 1223 864 omni
1232 823 1298 865 atre·

200 909 232 942 ex
244 895 399 942 auctoritate
413 894 463 942 uls.
475 892 572 942 codicis
591 893 673 942 Fulvii
684 893 731 942 Ur·
769 894 825 956 pitu
838 907 977 956 pavescere
987 893 1002 941 ε’
1020 894 1044 941 iu
1055 892 1298 956 bellolugurthino,

198 971 256 1032 sini,
273 971 298 1018 in
310 986 360 1034 quo
372 971 468 1019 diserte
480 971 584 1033 legitur,
595 970 729 1019 Sallustius
769 969 879 1021 totidem
901 969 985 1018 verbis
1016 970 1185 1032 perscriptum
1215 975 1298 1018 extat.

199 1046 215 1096 l.
230 1059 260 1094 u.
279 1046 466 1095 Historiarum:
484 1061 542 1094 nam
553 1045 622 1109 quod
639 1046 665 1094 in
679 1046 730 1093 vul·
768 1045 902 1095 citaverat
913 1045 976 1094 illud
990 1044 1129 1094 Arusianus
1140 1060 1173 1094 ex
1185 1045 1298 1096 secunda

199 1122 267 1185 gatis
280 1122 348 1170 bellu
360 1122 497 1184 iugurrus
511 1120 644 1187 tribuitur,
660 1121 731 1183 inep-
767 1122 882 1170 Sallustii
898 1121 1013 1184 lristoria,
1024 1121 1132 1172 innuens
1144 1121 1239 1170 bellum
1250 1124 1297 1174 Jn·

199 1206 254 1246 tum
265 1205 305 1246 est
316 1206 343 1247 et
357 1198 484 1259 vitiosum,
492 1197 613 1261 quodque
623 1210 673 1244 non
682 1196 730 1246 niai
768 1198 922 1261 gurthinum.
956 1198 1045 1247 Prima
1063 1204 1147 1245 tumen
1163 1197 1297 1247 historias

201 1275 233 1323 alr
248 1275 376 1338 imperitis
392 1273 597 1336 descriptoribus
608 1270 730 1333 manavit,
768 1272 884 1322 Chariclo
896 1287 943 1335 pro
960 1273 1042 1336 primo
1055 1271 1218 1322 historiarum
1229 1272 1297 1322 libro

198 1352 241 1414 qui
250 1352 389 1400 seciruduur
400 1351 564 1405 historiarum
574 1349 666 1398 lilrrum
678 1347 729 1396 bel·
768 1348 913 1405 adducitur,
925 1349 952 1396 in
963 1347 1050 1398 Aliter.
1085 1349 1152 1399 llaec
1164 1350 1240 1413 paulo
1250 1349 1297 1403 alia

196 1427 250 1476 laun
272 1427 454 1489 trigurttruurm
480 1424 731 1489 interpretabantur,
769 1432 808 1475 ter
819 1425 846 1473 in
856 1424 947 1474 codice
955 1423 1080 1475 Serviano
1090 1426 1164 1476 Petri
1183 1425 1298 1480 Danielis

200 1501 317 1563 primum,
328 1501 424 1550 bellum
435 1501 624 1561 catilinarium,
635 1499 730 1550 Sallus·
768 1501 904 1563 leguntur:
929 1501 984 1551 ‘At
1007 1502 1044 1551 illi
1063 1501 1156 1566 quibus
1178 1502 1296 1566 aderant,

198 1578 261 1626 tium
273 1577 335 1625 nihil
345 1578 413 1626 ultra
422 1576 554 1639 scripsisse
564 1577 625 1624 rati:
638 1576 730 1627 eodetn
770 1591 844 1625 ruere
867 1578 953 1627 cuncti
975 1578 1008 1627 ad
1039 1587 1138 1642 portas,
1164 1577 1298 1628 incondita

198 1654 274 1702 modu
291 1661 427 1718 peccatum
447 1662 487 1703 est
506 1652 532 1701 in
549 1650 694 1717 fragmento
714 1667 730 1701 a
771 1651 876 1702 tenere!
909 1653 1160 1719 Sulluatiauemagia.
1177 1652 1276 1702 Putatis.

605 1957 884 1975 ο----·-ρ

611 2156 777 2236 LlBER
804 2159 882 2234 ΙΙΙ.

227 2411 451 2472 Bacchanaliorum]
469 2409 727 2461 ABacohoBacclra·
766 2417 794 2459 et
804 2411 945 2473 epularum,
957 2424 1008 2473 quo
1021 2408 1157 2474 plurimum
1171 2403 1248 2456 animi
1267 2405 1296 2454 il·

197 2489 265 2535 nulia
276 2488 358 2546 dicta,
369 2502 426 2550 quse
438 2485 536 2535 fiebant
548 2485 618 2549 apud
635 2487 727 2535 Rorna-
765 2485 915 2535 licerentur.
949 2485 1130 2536 Ouurnvinurn
1148 2483 1254 2544 animos,
1269 2487 1297 2531 et

198 2578 243 2610 rios
261 2561 361 2611 decimo
378 2562 467 2626 quinto
488 2561 595 2612 calend.
621 2561 727 2625 Aprilis,
766 2576 825 2625 nos,
845 2569 873 2612 et
891 2562 960 2612 misti
981 2561 1090 2610 imminit
1108 2574 1192 2610 marea
1210 2558 1296 2616 aetatis

197 2637 265 2701 quod
286 2637 396 2686 Ovidius
415 2638 493 2686 etiarn
514 2644 627 2687 testatur
646 2638 663 2688 l.
680 2650 725 2686 rvr.
766 2645 863 2688 tenere
891 2637 1033 2701 majoribus
1061 2637 1200 2687 discrimen
1221 2648 1297 2686 omne

199 2714 265 2762 l'ast.
292 2714 398 2761 ‘Tertia
410 2721 468 2777 post
481 2713 544 2762 Idus
566 2713 610 2762 lux
630 2719 727 2763 estce·
766 2713 871 2778 pudoris
883 2715 1064 2776 extinxissent,
1077 2714 1231 2777 corruptele
1245 2711 1297 2776 prl-

197 2788 335 2837 leberrima
345 2788 467 2838 Baccho!
490 2789 624 2852 originem
636 2790 727 2839 horum
764 2805 834 2838 mrim
845 2789 926 2838 onmis
939 2790 1040 2854 generis
1052 2795 1156 2853 emptae,
1174 2801 1252 2854 quum
1264 2785 1298 2839 ad

198 2879 326 2912 sacrorum
338 2865 363 2912 iu
375 2864 453 2913 ltalia
462 2865 567 2914 Servius
578 2866 610 2914 ad
628 2866 644 2916 J
649 2867 727 2916 ulium
765 2865 791 2916 id
803 2866 920 2931 qnisqne,
932 2882 982 2931 quo
994 2875 1088 2916 natura
1102 2865 1230 2929 pronioris
1241 2862 1297 2914 libi·

197 2943 326 2992 &tarem
339 2941 429 3003 refert,
438 2943 463 2990 in
475 2944 527 2992 suis
537 2944 728 2993 commentariis
765 2943 832 2992 dinis
849 2952 930 3004 esset,
950 2950 1066 3006 paratam
1077 2942 1238 3003 voluptatem
1253 2938 1297 2988 lra-

197 3017 229 3064 ad
263 3019 369 3081 Eclogae
393 3032 420 3065 v.
441 3019 535 3081 Virgil.
556 3020 603 3068 hus
623 3033 725 3068 versus:
765 3018 853 3068 beret:
872 3020 1299 3081 necnnnmgennsnoxaentnprs

195 3093 202 3117 ‘
216 3092 334 3154 Daphnis
346 3101 374 3140 et
384 3091 520 3142 Armenias
536 3109 612 3142 curru
624 3096 728 3157 subJ'un-
766 3095 911 3158 promiscua
928 3095 1107 3158 ingenuorum,
1125 3089 1298 3141 foeminarum·

197 3179 259 3228 gere
271 3169 350 3230 tigres
364 3166 491 3229 Instituit,
502 3170 617 3233 Daphnis
628 3171 728 3232 thyrsos
766 3185 816 3234 que
835 3178 921 3233 erant,
938 3168 998 3218 falsi
1017 3175 1110 3229 testes,
1130 3166 1197 3216 falsa
1215 3166 1298 3230 signa,

195 3241 320 3291 iuducere
332 3243 446 3304 Baccho,
462 3245 497 3292 Et
512 3242 580 3293 loliis
592 3246 676 3294 lentas
691 3246 728 3294 in·
766 3247 965 3309 testimoniaque
981 3259 1014 3294 ex
1031 3244 1121 3294 eadem
1133 3240 1234 3293 officina
1244 3241 1298 3293 axi·

198 3327 285 3368 texere
297 3320 416 3370 mollibus
427 3322 528 3372 heatus!
548 3323 599 3371 Sed
612 3321 726 3373 fallitur:
767 3322 838 3383 bant,
849 3335 949 3371 venena
958 3320 1100 3371 identidem
1115 3319 1298 3382 intestinaque

196 3409 254 3443 narn
271 3402 298 3444 et
317 3403 379 3444 ante
396 3396 523 3446 Caesarem
542 3399 636 3446 Bacclri
654 3412 728 3448 sacra
766 3395 859 3458 cedes,
886 3397 922 3446 ita
953 3406 983 3446 nt
1004 3411 1037 3448 ne
1060 3410 1169 3460 corpora
1193 3394 1298 3460 quidem

195 3469 309 3533 luerunt,
326 3479 356 3519 ut
372 3472 470 3521 indicat
490 3474 578 3522 Livius
596 3474 728 3524 lanu.
767 3472 895 3522 interdurn
920 3472 954 3521 ad
982 3474 1140 3537 sepulturam
1164 3477 1297 3530 extarent,
1401 3504 1408 3516 .

194 3547 437 3609 ιῦτπουεᾳυίἀειω
456 3549 729 3612 lromoiguobilis,sed
766 3549 846 3599 mults
868 3547 936 3609 dolo,
964 3550 1087 3611 pleraque
1110 3559 1158 3608 per
1179 3545 1229 3594 vim
1251 3559 1298 3595 an·

197 3622 323 3684 ejusmodi
336 3625 596 3688 auctoramentum,
608 3626 728 3690 primoin
766 3623 882 3674 debant!
916 3623 965 3670 Sed
992 3623 1030 3670 lais
1053 3637 1111 3669 uiox
1133 3620 1209 3695 longe
1228 3627 1297 3671 stro·

198 3701 347 3751 Hetruriam
357 3702 455 3762 attulit,
467 3701 553 3766 ibique
563 3703 629 3752 ritus
640 3718 727 3752 comm
766 3701 837 3750 eiora
853 3698 959 3762 srrbjicit
975 3712 1008 3747 ex
1029 3697 1153 3760 Hispane
1169 3696 1297 3746 libertinas

100 3796 103 3802 ·
197 3777 295 3826 docuit.
329 3778 368 3826 Ex
389 3776 516 3826 Hetruria
531 3793 562 3828 es
578 3780 638 3827 urnii
657 3780 729 3829 lebes
766 3775 871 3836 indicio,
888 3789 945 3838 quae
966 3773 1059 3822 ancilla
1080 3772 1190 3820 dominre
1210 3785 1298 3822 cornea

197 3853 378 3902 moxRomam
394 3855 559 3915 penetravit!
591 3856 686 3903 Eorum
698 3856 729 3904 ri.
765 3852 804 3899 liis
816 3850 895 3899 sacris
912 3849 1048 3913 aliquando
1063 3848 1224 3898 interfuerat.
1257 3849 1298 3898 Ea

198 3934 252 3976 turu
271 3927 443 3990 turpissimum
460 3933 542 3992 primo
554 3931 592 3980 sic
604 3931 730 3981 describit
766 3942 850 3977 curam
867 3927 913 3988 Sp.
926 3925 1075 3974 Poslhunrin
1086 3924 1181 3973 Albino
1192 3926 1297 3974 conmle

198 4005 285 4053 Livius
296 4003 389 4053 eodem
400 4004 474 4052 loco:
503 4008 511 4033 ‘
525 4006 620 4064 lnitia,'
640 4007 730 4070 inquit,
766 4003 885 4054 confessa
896 4011 946 4063 est,
956 4004 1038 4066 primo
1049 4002 1186 4050 sacrarium
1204 4000 1232 4049 id
1249 3998 1296 4050 fm-

196 4084 202 4107 ‘
213 4087 360 4143 erant‚qnm
371 4080 548 4143 primopaucis
555 4083 653 4132 tradita
661 4091 730 4144 sunt,
767 4080 892 4129 minarum
902 4076 990 4139 fuisse,
1001 4092 1048 4126 nec
1060 4090 1204 4142 quenquam
1215 4076 1297 4126 virum

198 4158 257 4205 dein
269 4155 367 4219 vulgari
379 4163 470 4219 crepta
482 4170 530 4218 per
542 4159 609 4208 viros
622 4169 650 4209 et
660 4160 731 4210 muli·
768 4171 799 4208 eo
811 4155 915 4204 admitti
928 4155 1045 4204 solitum:
1063 4161 1116 4202 tres
1132 4153 1157 4200 in
1169 4167 1235 4202 anuo
1246 4158 1295 4201 sta-

200 4246 271 4299 erest
284 4232 381 4284 addita
394 4233 669 4299 voluptateareliqloni
680 4236 733 4287 viui
768 4240 839 4287 turos
855 4232 911 4283 dias
929 4231 1060 4294 habuisse,
1075 4228 1168 4296 quibus
1184 4228 1299 4301 interdiu
