3000 5040
411 347 563 396 ananum
586 344 774 394 rnounru.
810 345 892 395 cur.
913 333 969 398 77.
1170 331 1236 396 oea

138 488 251 539 verrunt)
268 490 394 541 Hunillc.
411 488 528 553 sequiori
539 492 597 537 nuo
607 501 667 552 qno·
707 494 734 536 rt
749 488 878 538 Ammiani
889 489 1036 539 Marcellini
1054 489 1119 552 loca,
1130 505 1189 554 quse
1201 491 1235 542 tle

136 565 300 628 qucCaucer
315 566 470 629 appellatur.
503 564 592 628 Atque
614 565 669 612 hmo
707 563 796 623 Ariete
821 566 887 615 lruuc
909 565 935 614 in
958 565 1063 615 modum
1090 570 1235 630 composito

141 640 174 689 de
193 642 294 704 origiue
315 657 345 690 ao
366 641 475 690 nomine.
494 642 558 689 ilem
580 640 671 689 itade-
706 638 842 703 habentur,
854 640 975 689 imotenus
986 641 1117 702 aliorsum,
1133 641 1237 708 adpri-

140 713 243 779 scripsit
256 716 355 766 Flavius
366 716 495 778 Joseplrns
506 717 669 766 tertioEaei·
706 729 778 763 orem
790 717 1008 779 compositionem,
1020 718 1112 778 miuus,
1127 725 1154 767 ut
1168 719 1235 768 exia-

133 792 190 840 dii:
206 791 291 853 ‘Est‚’
303 793 393 855 inquit,
407 792 415 818 ‘
427 791 502 840 Aries
515 792 587 841 trabs
604 807 670 855 prae·
707 790 778 852 timo,
798 799 869 841 recte
886 793 1011 841 traducta.
1044 792 1142 840 Lucani
1154 793 1235 843 rerba

141 869 323 931 grandiaque
334 868 428 916 malurn
448 868 520 916 naris
536 867 668 920 assimilet.
706 866 900 917 itaselrabent:
927 869 1234 931 ‘nunccunjunctaaad-

133 944 166 993 .1s
176 944 299 993 solidatur
309 944 335 991 in
355 944 442 1006 capite
461 944 531 1007 gravi
543 943 622 1004 ferro,
642 943 668 993 in
706 945 834 1008 stringere
845 945 918 994 nodia
928 945 1046 994 instabat
1053 943 1175 1009 ferroque
1185 952 1236 997 tra·

138 1019 670 1080 arietisfurnmmmmleetnomeuasrnm·
706 1021 761 1083 bes,
783 1037 835 1086 qno
855 1020 990 1085 frangeret
1012 1021 1235 1075 sltoa'Portarusu

139 1095 337 1158 sit:'depentlet
359 1093 468 1157 medius,
490 1092 593 1144 funibus
616 1109 668 1143 ans·
706 1104 802 1160 postes,
823 1103 994 1160 quateretque
1011 1096 1137 1146 morantia
1156 1096 1238 1146 claus-

139 1185 234 1233 pensns
253 1184 284 1219 ex
305 1170 356 1219 alia
374 1170 543 1231 traheretur
556 1171 666 1230 trutinam
706 1172 764 1222 tra!
797 1173 927 1221 Ammiani
947 1172 1002 1222 hec
1023 1180 1081 1221 sunt
1100 1173 1117 1222 i.
1130 1185 1177 1221 xx.
1193 1173 1238 1223 nbi

139 1261 197 1309 quoe
210 1246 281 1295 trabs
294 1246 370 1308 tignis
382 1247 503 1310 utrinque
516 1243 596 1295 lirinis
614 1260 667 1295 mu·
705 1250 754 1309 ait,
783 1247 899 1298 Arietem
925 1253 1059 1298 ,vetustum
1083 1247 1236 1299 'dissolutum

139 1323 195 1372 nita
216 1331 255 1371 est
278 1330 305 1373 et
333 1321 406 1372 fulta.
440 1324 568 1385 Repulsus
591 1337 668 1386 porro
705 1323 795 1386 luisse,
813 1332 841 1375 ut
853 1324 953 1374 facium
973 1325 1121 1386 velleretur,
1133 1323 1238 1377 iterum·

139 1412 231 1463 magna
244 1400 358 1449 virorum
370 1413 447 1447 manu
459 1411 613 1460 retrorsum,
628 1399 669 1447 iia·
706 1415 755 1463 que
765 1400 929 1451 instructum.
957 1401 1009 1450 Ubi
1021 1403 1131 1465 primum
1143 1401 1170 1450 in
1181 1415 1238 1451 ver·

138 1474 249 1539 demque
261 1475 502 1530 antrorsnmstatim
518 1482 546 1523 et
563 1489 622 1524 oum
634 1474 670 1523 in-
707 1476 745 1525 lris
765 1477 862 1526 Lucani
886 1478 1035 1540 conjunctas
1058 1478 1155 1540 trabes,
1179 1492 1237 1541 quoe

138 1557 200 1614 potu
213 1548 600 1615 reflectentibus,quatitmuroa
612 1565 669 1615 pro·
707 1553 782 1601 nodis
801 1562 829 1603 et
849 1552 918 1603 ferro
935 1562 1011 1604 erant
1030 1555 1238 1619 adstringendae3

138 1627 235 1677 miuulo
247 1626 325 1678 ferro.
360 1628 453 1690 Neque
465 1634 504 1676 est
521 1627 573 1675 ulla
593 1626 672 1675 turris
708 1626 741 1675 de
753 1627 835 1676 ariete
846 1629 1031 1694 ejusmodi,qui
1042 1645 1075 1679 ex
1083 1630 1184 1680 duobus
1192 1637 1239 1681 ast

140 1709 193 1750 tarn
206 1702 299 1764 valida,
311 1709 357 1751 ant
371 1702 465 1755 moenia
477 1710 527 1750 tani
539 1702 601 1761 lata,
613 1716 670 1765 qnae
710 1701 792 1749 tribus
815 1704 889 1750 malis
909 1704 1067 1767 compositus
1090 1705 1238 1769 constabat,

140 1783 170 1825 ut
193 1776 287 1839 primas
311 1777 421 1825 maxime
443 1778 533 1840 plagas
550 1776 672 1838 tulerint,
709 1778 811 1826 omniuo
829 1778 981 1840 acceperim.
1013 1779 1125 1830 Namet
1142 1780 1241 1833 Ammi-

140 1852 314 1901 sustinerent
335 1852 475 1901 subsistere
494 1867 537 1902 eas
558 1853 671 1903 assiduas
709 1869 773 1902 unua
785 1868 843 1903 cum
860 1853 952 1915 inquit,
970 1852 1087 1902 Arietem
1098 1862 1127 1902 ut
1139 1852 1242 1909 facilior

132 1929 257 1992 possint?
284 1927 404 1978 Accedat
424 1929 462 1978 his
485 1929 549 1979 illud
573 1931 670 1978 Lucan.
708 1929 855 1988 reiteretur,
870 1928 1020 1977 dissolutum
1040 1929 1185 1994 iterumque
1198 1929 1240 1979 in-
1263 1975 1267 1982 ,

135 2005 377 2069 .‘anuoseunque
399 2005 622 2070 rolesinplanum
635 2005 671 2058 es·
707 2011 841 2067 structum,
863 2005 920 2069 quis
943 2019 992 2052 nou
1012 2005 1045 2052 de
1068 2004 1143 2054 trabe
1170 2005 1239 2059 simi·

138 2080 250 2131 fundere
266 2097 360 2146 muros,
378 2082 428 2132 His
449 2084 516 2132 aries
538 2082 671 2150 sctusqia·
706 2081 881 2143 litersolutili,
902 2088 946 2129 aut
966 2081 1053 2144 potius
1072 2082 1104 2129 de
1122 2081 1240 2130 trabibus

139 2157 229 2224 pergit
236 2172 299 2206 saxa
309 2157 430 2208 lacertis!
455 2159 490 2208 Et
500 2158 547 2208 hoo
558 2158 668 2207 Sidonii:
707 2173 775 2226 eum,
787 2166 816 2207 ut
828 2158 1040 2219 indicavimusque
1058 2159 1160 2207 modum
1174 2159 1199 2206 in
1210 2171 1240 2206 se

137 2232 217 2282 ‘Neo
234 2232 322 2281 Pharii
333 2246 402 2281 nunc
413 2247 494 2296 regua
506 2247 669 2296 precor,nee
707 2234 856 2297 compositis
875 2241 953 2298 atque
974 2234 1069 2296 aptatis
1088 2233 1115 2282 id
1135 2246 1240 2298 quoque

137 2317 166 2358 nt
178 2308 245 2358 hisce
261 2307 365 2357 lacertis
383 2308 495 2373 Frangat
508 2309 670 2373 Hydaspeas
707 2309 790 2372 ipsum
803 2310 977 2360 intellexerit?
998 2310 1128 2359 doleiam.
1140 2310 1214 2359 Porri.
1234 2358 1237 2362 Α

133 2384 208 2447 aries
219 2384 339 2446 inpactus
355 2385 482 2446 Erytraa!
515 2385 670 2434 ExlriaPo·
740 2385 845 2432 Domum
860 2381 1120 2447 regiumcomportarrt]
1138 2383 1240 2434 Omissa

138 2458 290 2522 iiorecticou
306 2464 436 2518 auctores,
456 2465 484 2507 et
502 2459 546 2520 qui
558 2459 670 2508 omnium
709 2464 750 2506 est
762 2458 919 2519 praepositio.
955 2459 1101 2508 cinerarius.

140 2534 402 2599 circumspectissime
423 2540 451 2584 et
473 2548 532 2582 cnm
555 2548 618 2582 cura
644 2533 671 2581 id
708 2550 727 2567 ν
742 2533 823 2596 ilique
835 2535 888 2581 uiuo
908 2539 931 2582 et
951 2536 1027 2597 epulis
1045 2535 1148 2598 amnti]
1165 2534 1241 2594 onos

141 2611 285 2674 argumenti
295 2611 420 2670 tractauit
432 2609 593 2671 Clarissimus
611 2608 672 2672 Lip·
709 2609 736 2657 in
748 2610 858 2658 vetustis
868 2610 1018 2673 quibusdam
1029 2613 1126 2673 grauati
1137 2611 1242 2677 iegitur,

140 2686 202 2748 sios,
213 2685 342 2748 triplicem
364 2692 409 2734 aut
420 2685 550 2748 duplicem
562 2687 671 2743 arietem
709 2685 736 2733 id
744 2700 777 2733 ex
788 2686 873 2748 glossa
885 2685 976 2749 addita
985 2688 1104 2751 irrepsit:
1118 2696 1144 2738 et
1154 2703 1242 2753 quam·

140 2759 212 2824 facit,
221 2760 331 2821 liudem,
348 2767 401 2809 cta
420 2761 501 2823 prima
512 2762 670 2821 inventione,
709 2764 746 2811 uis
766 2763 834 2816 idem
852 2770 893 2813 est
911 2764 1048 2830 utrobique
1059 2780 1158 2827 sensus,
1168 2765 1241 2831 prior

140 2851 216 2901 quem
228 2838 344 2886 manibus
359 2836 514 2900 lacertisque
534 2837 611 2886 validi
628 2838 671 2886 ho·
709 2849 793 2890 tannen
813 2841 894 2891 lectio
914 2843 1006 2898 verior.
1039 2843 1083 2892 Sic
1094 2849 1123 2892 et
1134 2843 1241 2894 Curtius

139 2914 219 2962 mines
242 2914 400 2962 sustinentes
419 2911 537 2976 egerint3
561 2914 670 2962 alterurn
710 2930 734 2965 v.
752 2917 843 2965 ‘meru
860 2917 980 2977 onerati,'
999 2919 1121 2980 inquitet
1139 2917 1244 2981 alicubi,

140 2989 321 3053 compositum,
338 2990 381 3052 qui
398 3004 432 3037 ex
449 2988 523 3036 trabe
538 2989 622 3037 altera
638 3003 670 3036 ex
707 2991 715 3017 ⁴
728 2991 878 3040 onerarere
888 3007 915 3039 ae
927 2991 1002 3041 rino!
1020 2992 1092 3041 Idem
1105 2999 1192 3041 tamen
1202 3005 1243 3044 vt.

140 3072 287 3115 transuerso
305 3073 394 3113 erecta
411 3063 573 3127 dependerit,
584 3078 634 3126 quo
646 3062 671 3110 ri
709 3067 851 3114 ‘utrumne
877 3067 936 3115 uino
959 3073 1079 3127 gravatus
1107 3066 1243 3120 effudisset

140 3141 246 3204 majore,
270 3150 366 3189 conato
392 3142 489 3189 leviore
516 3139 670 3189 libraretur:
709 3141 778 3191 illa?
805 3149 833 3192 et
856 3156 919 3191 vrrs.
945 3142 1067 3191 ‘Graves
1090 3158 1159 3193 meru
1182 3158 1242 3194 suas

141 3218 236 3267 tertius
245 3215 325 3266 tuerit
336 3217 450 3265 Testudo
459 3215 588 3264 arietaria.
605 3216 670 3266 uuo
710 3218 777 3266 vires
798 3217 942 3265 extollere!
974 3217 1025 3266 Sed
1047 3225 1075 3266 et
1094 3219 1182 3269 Liuius
1203 3232 1242 3270 rr.

141 3292 368 3352 sanedistriliutio,
378 3292 440 3341 iicet
452 3290 519 3340 haud
528 3291 672 3354 improbau-
712 3291 745 3340 ab
756 3293 787 3341 U.
805 3292 835 3339 C.
852 3292 860 3318 ‘
874 3291 939 3341 Viuo
958 3292 1093 3358 epulisque
1104 3292 1242 3358 gravatos}

142 3368 185 3429 da,
197 3376 283 3418 umen
295 3368 363 3430 quod
383 3369 415 3416 nd
430 3368 600 3430 compositum
612 3369 671 3418 atti·
712 3368 783 3417 dicit.
800 3367 874 3416 Idern
894 3381 933 3417 rx.
960 3370 1040 3417 ‘vino
1059 3376 1181 3420 oneratos
1201 3385 1241 3422 so·

141 3451 195 3506 net,
205 3444 328 3492 nonsatis
338 3457 391 3491 rem
401 3443 597 3506 expriori13oaut
608 3459 671 3506 prae·
711 3443 804 3508 piunt‚’
814 3445 907 3508 inquit.
939 3445 1030 3496 Ricina.

143 3529 185 3570 ter
205 3520 303 3582 rudem,
322 3529 349 3568 et
368 3528 463 3583 praeter
474 3521 671 3583 dependentem,
709 3548 717 3558 ›-
743 3521 808 3572 Cau.
821 3525 851 3570 ll
869 3521 953 3584 Lepti]
971 3521 1037 3571 Vide
1049 3537 1126 3585 supra
1137 3538 1160 3572 o.
1171 3527 1212 3573 19.

135 3611 225 3662 exque
236 3597 287 3645 alin
300 3598 382 3657 trabe,
403 3596 474 3645 velut
486 3597 552 3658 jugo
563 3602 606 3643 urit
618 3602 670 3643 tru-
708 3648 711 3653 ,
742 3595 826 3659 lepti]
842 3596 950 3645 Scilicet
965 3612 1065 3658 nunqua.
1208 3629 1211 3633 ψ

142 3673 203 3733 tina,
215 3679 244 3721 ut
253 3672 349 3721 liabent
361 3668 671 3731 uerbaJosephi,t‘uuil›ns
744 3672 778 3718 Et
789 3675 896 3718 madon
911 3672 1002 3730 Berlin,
1021 3670 1116 3731 Albino,
1135 3672 1244 3722 Metello·

143 3749 387 3810 suspensum,etiaur
400 3747 475 3796 Aries
487 3744 593 3808 proprie
604 3758 671 3792 com·
710 3760 753 3809 qne
764 3745 1136 3809 inpetratagunritrrseceronl]
1154 3746 1243 3797 lura·

144 3821 241 3884 positus
252 3821 301 3870 suit
312 3837 344 3870 ex
355 3823 470 3885 pluribus
479 3819 672 3869 trabibusinter
714 3823 829 3872 briciano
849 3830 898 3876 eut,
915 3825 1048 3884 imperem,-
1067 3826 1143 3888 idque
1155 3830 1244 3872 sensns

143 3911 170 3944 se
191 3897 324 3955 connexis,
343 3891 370 3946 el
390 3897 488 3947 lanrinis
510 3911 540 3944 ao
564 3893 671 3943 uinculis
712 3899 766 3960 ipse
786 3898 908 3959 postulat.
940 3899 992 3948 Sed
1014 3909 1042 3949 ut
1060 3915 1118 3949 rore
1138 3898 1245 3960 ibidem,

142 3969 234 4020 ferreis
261 3971 401 4019 ercueime
428 3972 622 4034 circumligatus
644 3977 671 4018 et
712 3972 940 4031 consentientibus,
954 3976 1019 4037 ntiir,
1040 3975 1107 4023 harad
1136 3973 1189 4020 acio
1210 3976 1265 4023 att·

142 4050 346 4113 compaginatus.
369 4051 448 4112 Cujus
460 4049 557 4114 effigies
568 4050 672 4112 Campis
713 4051 818 4110 rectius,
832 4064 879 4111 pro
893 4053 1004 4112 impigre,
1014 4046 1244 4112 streaneffiaauiter,

135 4125 356 4177 fliam-lantoniae
365 4126 460 4189 oppido
468 4128 594 4191 hodieque
604 4126 673 4175 ride-
712 4128 745 4176 ab
757 4126 889 4188 adjectivo
900 4140 981 4187 surus,
999 4124 1069 4186 quod
1086 4129 1125 4171 est
1142 4122 1244 4183 diligens

145 4205 195 4252 tur.
227 4200 366 4264 llinojam
384 4201 562 4266 intelligentur
574 4201 673 4254 Lucani
712 4211 740 4254 ct
761 4202 909 4259 indueretur,
926 4200 971 4250 nbi
992 4198 1070 4248 lindie
1088 4196 1243 4260 teregnum
