3000 5040
590 379 621 424 c.
639 377 670 422 o.
688 374 899 423 succussu.
1231 357 1296 423 849

239 520 349 586 Catal.
362 519 449 584 Mes.
463 517 563 601 Angl.
578 526 612 583 et
625 518 709 583 Hib.
724 521 820 582 notat
833 516 984 580 codicem
995 514 1148 579 Sallustii
1163 513 1297 579 Bellum

196 621 425 686 Catilinarium
437 627 470 686 et
477 621 499 685 J
501 621 709 703 ugurthinum
721 619 941 683 continentem
952 618 985 682 in
996 617 1152 680 biblioth.
1163 615 1296 699 Colleg.

197 723 320 786 Baliol.
345 730 380 787 ot
403 724 438 787 in
461 723 529 787 vol.
553 724 715 787 distincto
738 722 900 803 anonymi
914 721 1077 785 Glossam
1100 719 1297 819 superstel-

198 824 349 887 lustium.

353 1035 457 1102 Codes
470 1036 503 1098 in
522 1033 678 1100 Biblioth.
696 1028 960 1118 Archicpiscopoi
981 1033 1146 1098 Lambeth.

248 1205 465 1270 Bibliotheca
505 1203 770 1285 Archiepiscopi
808 1200 969 1265 Cantuar.
1008 1200 1186 1277 Lamheth,
1208 1201 1297 1265 inter

194 1301 345 1368 Codices
368 1304 456 1368 M'ss.
474 1302 745 1387 quamplurimos
760 1301 846 1365 varii
861 1301 1007 1382 generis,
1023 1301 1298 1383 quosdam'tenet

195 1411 374 1470 auctorum
390 1404 645 1470 classicorum:
667 1405 756 1467 inter
778 1421 868 1485 quos
892 1401 1117 1468 aestimandus
1141 1408 1196 1464 est
1220 1402 1296 1466 Sal-

195 1506 322 1571 lustius
341 1507 383 1570 de
409 1507 509 1571 Bello
529 1506 730 1570 Catilinario
755 1512 792 1568 et
815 1503 915 1567 Bello
931 1503 1150 1586 Jugurthino,
1167 1502 1203 1566 in
1224 1503 1296 1567 ito.

196 1607 287 1670 circa
302 1607 390 1671 Saec.
405 1624 491 1683 xrrr.
531 1607 677 1671 Pulchre
692 1612 854 1671 exaratur
868 1612 903 1668 et
918 1605 1139 1669 illuminatur.
1186 1603 1295 1666 Mem-

103 1796 106 1800 Δ
195 1709 291 1772 hran.
309 1710 381 1771 sine
397 1708 550 1786 scholiis,
567 1699 604 1772 at
617 1708 812 1792 perfectus:
837 1708 902 1770 sub
916 1706 1016 1770 finem
1031 1706 1066 1769 hi
1080 1725 1198 1770 versus
1214 1725 1222 1768 t

357 1856 416 1913 Sex
429 1856 447 1914 J
450 1853 575 1931 ugurtha
589 1852 652 1913 dies
665 1861 835 1931 pereuntem
851 1871 967 1912 carcere
982 1854 1075 1911 Rome

355 1950 525 2026 Spectatum
541 1956 570 2007 te
583 1948 648 2008 dira
661 1948 752 2039 {ames
768 1948 908 2006 scelerate
919 1948 1043 2024 peremit

353 2044 395 2103 Ut
408 2043 583 2104 Plutarchus
597 2044 638 2103 ait
652 2043 697 2102 vir
710 2043 761 2122 qui
776 2041 982 2101 celeberrimus
996 2050 1107 2103 auctor.

241 2514 314 2578 Vix
330 2534 470 2579 necesse
494 2516 651 2580 ducimus
674 2517 837 2582 lectorem
863 2518 1079 2593 submouere,
1095 2534 1138 2578 ne
1155 2534 1232 2597 quae
1244 2515 1294 2580 ile

197 2617 354 2682 codicum
378 2618 588 2699 singulorum
603 2625 707 2683 aetate
732 2619 843 2683 adhuc
867 2618 960 2681 dicta
983 2618 1063 2693 sint,
1081 2617 1123 2680 ad
1148 2616 1294 2693 literam,

198 2721 299 2802 quasi
310 2739 372 2801 per
380 2719 504 2784 lineam
515 2720 619 2797 facta,
629 2721 878 2803 interpretetur,
891 2727 927 2782 et
939 2720 1011 2797 uhi,
1023 2739 1085 2802 per
1098 2721 1211 2802 operis
1226 2719 1296 2782 fes·

197 2822 398 2885 tinctionem
413 2829 474 2886 aut
489 2822 641 2886 scientiae
657 2820 871 2896 tenuitatem,
885 2821 1047 2902 quiddam
1061 2819 1294 2896 erraverimus,

198 2923 291 3006 quod
306 2944 367 3007 pro
386 2931 480 2987 certo
496 2924 610 3006 possit
631 2924 798 2998 accidere,
821 2923 922 2986 nimis
949 2923 1129 3004 implorare
1155 2930 1190 2986 et
1215 2942 1296 3004 sup·
1357 2907 1362 2914 ¹

197 3025 337 3106 plicare.
383 3025 521 3087 Norunt
545 3025 674 3106 quippe
702 3024 819 3087 harum
848 3045 957 3087 rerum
981 3026 1092 3106 periti,
1117 3025 1296 3087 codicibus

198 3125 350 3205 antiquis
373 3124 509 3204 figuras,
534 3144 612 3205 quae
640 3131 945 3187 commonstrarent
975 3146 1099 3188 annum
1129 3145 1197 3207 quo
1227 3126 1298 3187 sint

199 3226 342 3301 exarati,
359 3225 432 3287 dari
448 3244 551 3307 quam
566 3226 748 3302 rarissime,
765 3227 1014 3308 antiquissimis
1030 3248 1203 3309 nunquam
1216 3235 1242 3289 :¹
1260 3231 1297 3287 et
1396 3292 1399 3297 ,

198 3326 334 3389 etiamsi
351 3327 508 3407 quaedam
523 3327 592 3389 sint
607 3327 715 3408 signa,
732 3335 802 3390 tam
823 3328 857 3389 in
873 3328 1126 3392 characteribus
1144 3347 1246 3410 quam
1260 3327 1297 3389 in

198 3427 383 3489 membrani
412 3427 467 3490 vel
499 3427 623 3491 chartae
652 3433 824 3491 vetustate
861 3435 964 3510 atque
992 3448 1142 3504 mucore,
1171 3434 1232 3488 aut
1261 3426 1297 3488 in

199 3525 313 3588 colore
339 3529 530 3604 atramenti,
556 3529 765 3610 talibusque,
788 3529 967 3604 cernenda,
984 3549 1062 3609 quae
1086 3528 1297 3590 diversorum

200 3627 405 3689 saeculorum
422 3630 625 3709 scripturam
648 3629 717 3691 fere
743 3630 918 3705 denotent,
934 3638 1048 3692 tamen
1070 3630 1105 3691 in
1125 3630 1177 3691 his
1193 3630 1295 3692 rebus

198 3728 449 3791 versatissimos
477 3748 583 3811 posse
608 3730 777 3793 interdum
807 3730 895 3812 capi.
942 3729 1044 3808 Quod
1074 3731 1295 3795 doctissimus

697 3925 802 3979 NOTAE

230 4036 420 4099 'Excipiendoe
431 4052 492 4086 vero
511 4044 571 4088 sunt
582 4040 686 4090 Chartae
698 4047 724 4089 et
765 4043 830 4092 nice
858 4042 1055 4105 incarnationis,
1079 4054 1173 4090 aunum
1199 4039 1296 4091 hebent

196 4109 290 4172 Bullae,
306 4118 336 4160 ut
353 4118 489 4174 vocantur,
501 4128 559 4177 quoe
576 4115 725 4180 plerumque
764 4123 890 4168 notitiam.

196 4183 326 4247 Principis
337 4187 378 4234 vel
388 4187 477 4251 Papa,
485 4190 567 4254 Regni
579 4193 620 4242 vel
637 4193 725 4243 Domi·

262 4280 382 4342 nepae
398 4283 529 4336 nacae.
756 4289 853 4340 aaa.
1158 4288 1213 4338 su
1296 4348 1299 4353 ,
1412 4330 1439 4349 ,,
