3000 5040
541 318 784 391 melenchen,
830 318 905 369 uro.
927 318 979 368 rr.
1235 300 1308 380 m

206 461 316 525 cpiatola
327 460 406 524 Regin
419 460 587 521 Mithridatia,
599 477 656 528 qnae
666 463 736 513 ride·
774 464 825 527 vio,
836 470 863 515 et
874 464 994 529 Appiano
1014 465 1040 514 in
1058 458 1120 515 bell.
1130 462 1251 529 Syriaco,
1267 463 1304 514 le·

208 544 251 587 tur
272 536 326 586 sere
346 543 401 586 tota
423 538 546 585 tranalara
567 553 599 586 ex
619 538 736 588 oratione
774 541 883 604 gendum
903 550 960 591 ext:
979 541 1117 597 Quindecim
1136 539 1240 590 miiiihar
1265 536 1303 589 ta·

207 611 402 675 Corcyrmorum
425 612 456 660 ad
475 612 645 663 Athenienses
665 613 734 677 apud
772 618 894 668 lentum
923 619 991 667 Livii
1009 618 1089 667 rerba
1108 624 1167 665 aurit
1193 617 1249 666 hoec
1267 628 1302 666 ex

206 690 385 754 Thucydidem
398 691 413 740 l.
426 704 444 740 1.
470 691 734 741 Adhancautemlo-
773 695 920 744 lxxxvrr.
936 694 1065 760 ‘Asiaque
1086 694 1165 755 omni,
1185 707 1243 758 quae
1260 691 1301 743 cla

206 765 348 827 eumfacit,
361 768 427 830 quod
440 767 563 816 habeatur
572 768 598 815 in
610 768 736 819 llelloJu·
771 771 880 819 'l'aurum
898 778 946 834 eat,
959 771 1093 820 decedite:
1112 784 1159 834 pro
1178 768 1301 833 impensio

205 845 317 906 guttim:
335 845 448 892 ‘cavere
461 850 735 906 tamenoportetmec·
772 847 866 896 deinde
888 848 913 897 in
933 847 1029 897 bellum
1048 845 1134 908 sactis,
1154 845 1301 911 quindecim

206 920 249 968 ubi
267 921 344 968 hostia
356 927 516 982 opportunum
528 918 619 968 ficret)
637 919 718 969 Urcirr.
771 923 851 972 millia
869 925 995 973 talentum
1007 909 1178 973 Euboicorum
1189 920 1300 971 debitia:

237 996 311 1059 Atqui
329 1011 365 1056 cu,
386 995 437 1059 isc]
461 997 548 1058 Atque,
558 995 655 1044 habent
673 995 733 1045 alii:
771 999 914 1064 quingenta
933 1000 1081 1063 prasentia,
1100 997 1151 1047 duo
1171 997 1250 1046 millia
1270 1002 1300 1046 et

205 1070 272 1120 unde
292 1086 339 1134 ego
356 1072 502 1135 exsculpai:
520 1073 559 1121 Ad
574 1086 634 1134 quc,
645 1087 734 1135 ecqua
770 1075 919 1140 quingenta,
935 1090 994 1125 cum
1012 1075 1121 1124 Senatui
1138 1073 1300 1139 populatque

204 1149 333 1209 demorari,
343 1151 385 1210 isc.
399 1149 448 1197 hoc
466 1153 515 1210 eut,
526 1148 558 1196 ad
574 1149 733 1212 jungendam
771 1148 1300 1217 Roman.comprobarecint‚miiladelude

204 1236 304 1271 mecum
316 1222 559 1286 societatem‚atque
569 1223 605 1272 lta
615 1224 734 1286 conjunc·
770 1229 896 1278 talentum
909 1225 1098 1292 perdnodecim
1106 1223 1202 1274 aanor!
1216 1224 1298 1274 Urtiu.

204 1298 236 1345 tis
258 1298 350 1362 opihua
380 1298 505 1346 Romanoa
532 1298 731 1363 opprimendos:
802 1303 963 1367 Talentumm]
990 1304 1032 1352 De
1047 1302 1213 1351 'l'alentorum
1231 1300 1300 1355 uati·

203 1371 290 1437 sicque
301 1373 398 1436 optime
410 1373 459 1421 albi
471 1378 498 1421 et
509 1373 639 1423 constabit
649 1381 679 1424 et
689 1389 731 1425 co·
769 1381 882 1430 motione
903 1380 983 1443 juxta
1004 1378 1154 1427 varietatem
1183 1375 1298 1441 gentiunt

203 1447 313 1496 haerebit
333 1447 470 1506 cantantia,
493 1453 549 1496 tota
572 1461 587 1495 a
604 1448 733 1510 superiori
769 1455 906 1505 mandouro
923 1462 963 1505 aar
980 1455 1050 1504 locor
1062 1454 1178 1515 licenter
1190 1451 1234 1516 qui
1246 1466 1297 1502 nou

203 1523 319 1571 oratione
341 1521 500 1586 dependens,
522 1521 607 1571 hiulca
630 1537 733 1586 proram
770 1530 868 1593 patirur
895 1530 1106 1579 emendationem.
1140 1527 1199 1578 Hoc
1220 1542 1298 1578 unum

204 1605 232 1647 et
242 1597 421 1662 incomposita,
432 1597 452 1646 ai
466 1598 542 1647 aliter
553 1600 664 1662 legatur.
686 1598 733 1650 At·
770 1610 841 1654 recte
853 1605 1072 1666 eunl'alentorum
1084 1617 1134 1652 non
1151 1617 1228 1653 unum
1240 1615 1298 1651 eoae

203 1688 254 1739 que
273 1675 331 1724 huic
350 1675 433 1724 aimile
453 1674 517 1723 illud
538 1675 570 1724 ad
586 1676 731 1727 Cesaram:
769 1693 858 1742 genno,
868 1687 897 1728 et
913 1677 1029 1729 Atticum
1049 1693 1104 1728 erae
1125 1693 1171 1728 aex
1190 1677 1298 1728 millium

201 1749 259 1799 ‘Ad
271 1767 328 1814 qum
347 1758 373 1800 tc
385 1752 421 1800 ilii
434 1750 510 1800 iidem
522 1750 672 1825 hortantur‚’
684 1758 732 1805 &m
769 1755 911 1805 denariam.
928 1754 1023 1804 Cetera
1031 1754 1131 1803 incerta
1142 1760 1210 1803 cunt.
1227 1753 1298 1803 Plio.

204 1827 296 1876 Doam.
769 1836 908 1881 xxxmll.
926 1832 1075 1880 ‘Talentum
1085 1829 1202 1879 Atticum
1219 1829 1297 1879 dena·

234 1898 361 1966 Tigranen]
392 1904 447 1952 llex
469 1904 572 1967 majoris
592 1903 732 1968 Armenia,
768 1910 863 1959 riorum
881 1924 926 1959 aex
942 1909 1053 1958 millibus
1064 1915 1136 1957 taxat
1147 1907 1186 1956 M.
1196 1907 1297 1959 Varro!

202 1977 245 2041 qni
265 1979 387 2026 auxilium
405 1977 492 2028 ierem
503 1980 649 2030 Mithridati
668 1983 733 2046 regi,
769 1985 812 2035 lta
823 1986 890 2035 euim
907 1984 1071 2035 scribendum
1088 1990 1138 2034 est.
1165 1984 1259 2034 Pollux
1278 1985 1296 2034 Ι.

203 2052 285 2102 victus
298 2060 337 2103 cst
358 2055 441 2117 primo
453 2069 468 2102 a
478 2056 595 2118 Lucullo,
605 2056 699 2107 deinde
717 2074 732 2108 a
768 2075 806 2110 rx.
823 2061 887 2111 dicit
899 2061 1032 2110 Talentum
1043 2059 1160 2109 Atticum
1178 2073 1235 2109 eoae
1250 2074 1297 2112 aex

202 2128 329 2193 Pomprjo
347 2131 443 2193 hlagno
463 2132 488 2181 iu
509 2132 667 2182 deditionem
689 2149 731 2184 uc·
767 2138 872 2186 millium
884 2136 1062 2186 drachmarum
1074 2134 1231 2195 Atticarum,
1247 2136 1299 2185 Ba·

201 2213 338 2270 captiuae
356 2208 382 2256 in
400 2221 505 2270 regnum
517 2210 662 2273 restitutus,
673 2226 730 2274 per·
766 2214 912 2277 bulonicum
921 2217 1021 2273 septem
1030 2210 1145 2271 millium,
1155 2210 1297 2274 AEginaenm

202 2284 291 2333 solutis
303 2300 348 2333 sex
359 2285 511 2335 talentorum
523 2286 642 2337 millibus.
659 2290 729 2338 Stra·
767 2290 857 2339 decem
869 2288 985 2349 millium,
994 2287 1095 2351 Syrium
1108 2287 1177 2336 mille
1185 2295 1213 2336 et
1224 2284 1296 2351 quin·

201 2357 233 2407 bo
243 2359 259 2406 l.
273 2373 304 2409 ιι.
323 2361 419 2410 Lucan.
431 2361 448 2409 l.
462 2375 492 2409 ιι.
767 2370 899 2425 gauterum
919 2363 1105 2424 drachmarum,
1122 2361 1184 2410 item
1195 2359 1296 2410 Attica·
1393 2401 1395 2404 Α

234 2436 297 2484 Meu
309 2450 346 2484 reu
364 2450 448 2498 nomm
462 2436 592 2500 amouere]
608 2437 676 2489 Quia
689 2446 730 2488 ter
767 2453 831 2489 rum.
848 2436 1106 2488 DeTalentoAttico
1117 2435 1297 2486 idamelicltur

200 2508 340 2560 infeliciter
352 2510 473 2575 pugnavit
491 2526 547 2561 cnm
561 2514 691 2574 Baunonia,
702 2522 729 2565 et
766 2529 798 2564 ex
810 2515 883 2564 Livio
896 2516 913 2563 l.
927 2527 1025 2564 xxxxv.
1043 2512 1171 2563 Athenaeo
1182 2526 1220 2562 tv.
1230 2516 1255 2562 6.
1267 2517 1306 2562 et·

202 2586 304 2636 tandem
325 2587 373 2635 aihi
392 2594 502 2636 mortem
515 2587 612 2637 interra
623 2597 729 2640 coactns
766 2589 832 2639 aliie.
858 2589 908 2641 Sed
920 2588 1107 2652 Babylonicum
1125 2602 1181 2638 ersa
1195 2595 1296 2650 septua-

201 2669 250 2723 eut,
270 2663 337 2727 quod
358 2677 457 2712 veneno
476 2678 527 2712 uon
551 2666 652 2727 potuit:
669 2665 729 2730 quia
765 2665 836 2729 ginta
863 2665 971 2714 duarum
999 2662 1121 2712 minorum
1148 2661 1296 2713 Atticarum

200 2738 397 2799 medicamento,
410 2741 477 2804 qnod
498 2741 530 2789 ab
548 2755 579 2791 eo
592 2741 729 2791 lllithrida·
765 2741 857 2791 acribit
875 2741 990 2791 AElianua
1008 2753 1028 2788 1.
1048 2743 1089 2788 m.
1109 2738 1141 2787 de
1150 2738 1211 2786 Ver.
1222 2737 1294 2788 Huc.

201 2816 280 2865 ticum
293 2825 394 2873 vocant,
406 2817 573 2878 praemunitus
584 2818 661 2882 longo
672 2832 729 2881 nau,
764 2817 795 2866 Id
806 2824 855 2878 eat,
863 2822 962 2880 neptem
971 2814 1078 2863 millium
1086 2821 1113 2863 et
1122 2813 1295 2864 ducentarum

199 2906 298 2942 veneno
307 2891 398 2942 confici
409 2907 459 2942 non
467 2894 561 2957 potuit,
567 2893 728 2958 pedetentim
764 2892 949 2941 drachmamm.
974 2892 1058 2940 Omne
1071 2898 1156 2939 antem
1167 2890 1295 2939 talentum
1309 2944 1313 2951 ,

199 2976 284 3018 autem
298 2983 394 3017 veneno
406 2983 554 3019 aasueacere
563 2970 620 3035 quia
633 2979 728 3034 potest,
765 2975 804 3018 eat
815 2969 950 3031 sexaginta
961 2966 1102 3024 minarum
1120 2965 1196 3014 miuae
1208 2972 1295 3013 autem

199 3042 259 3093 dum
281 3045 360 3094 rcluti
381 3045 408 3093 iu
435 3046 582 3094 alimentum
610 3047 727 3097 vertitur.
764 3040 1295 3104 cingnlaecenteuaadrachmaacontinent‚

200 3118 282 3168 Pater
300 3126 385 3168 euntem
400 3120 463 3183 rjus,
475 3121 551 3169 etiam
563 3121 728 3172 Mithridatea
764 3125 794 3167 ut
814 3116 949 3166 Africanus
968 3123 996 3166 et
1013 3115 1097 3168 Julius
1117 3115 1211 3165 Pollux
1231 3115 1295 3168 acri·

199 3194 311 3256 nomine,
333 3200 390 3243 erat
408 3195 529 3244 Romania
552 3196 727 3246 amicissimae.
764 3193 837 3243 bunt.
864 3194 906 3243 Sic
919 3191 1151 3255 enarmonicum
1168 3192 1293 3243 talentum

199 3268 286 3319 Docet
304 3278 399 3330 autem,
410 3285 442 3320 cx
459 3270 569 3320 adverae
580 3270 682 3321 fortuna
699 3288 727 3323 xe
764 3271 798 3319 ait
809 3270 945 3334 sexaginta
963 3269 1086 3318 minarum
1099 3267 1254 3332 Atticarum,
1264 3275 1294 3320 et

198 3346 329 3396 meliorem
339 3355 366 3396 et
382 3346 576 3411 prudentiorem
587 3347 620 3397 ad
632 3347 727 3398 bellum
763 3346 873 3395 totidem
893 3346 972 3394 millia
991 3344 1160 3405 denariorum,
1171 3350 1200 3393 ut
1212 3343 1293 3394 verbo

197 3419 326 3473 effectum.
344 3423 408 3471 Bod.
765 3423 913 3472 Tulcntorxm
924 3422 1016 3471 Fcetnr
1031 3421 1137 3484 scribit:
1155 3421 1224 3486 quod
1244 3421 1294 3472 eti-

231 3499 346 3563 ΒΑΜ
354 3497 663 3563 stormtihuaoptahileest,
674 3500 727 3564 isa]
762 3514 803 3548 am
821 3499 921 3548 Pliniua
940 3497 977 3547 ait
997 3508 1088 3547 xxxv.
1101 3499 1138 3544 ll.
1156 3501 1184 3544 ct
1194 3493 1292 3545 Athen.

196 3575 330 3625 Sententia
343 3590 402 3624 vere
415 3575 605 3637 Mithridation,
622 3591 726 3639 prorum
761 3589 800 3624 tv.
812 3580 837 3626 c.
854 3581 882 3624 et
894 3575 989 3622 Pollux
1000 3572 1017 3620 l.
1028 3583 1065 3619 tv.
1090 3572 1182 3635 ltaque
1193 3571 1215 3620 oi
1225 3584 1292 3624 axx.

198 3650 229 3699 ad
251 3650 415 3702 illudl’oiitoe
431 3651 639 3701 accommodata:
657 3653 725 3702 ‘Fe-
761 3652 838 3700 mina
861 3648 984 3698 Euboicae
1012 3647 1173 3695 aestimantur
1199 3660 1292 3700 axxu.

196 3726 242 3786 lix,
252 3741 328 3790 quem
339 3725 437 3777 fuciunt
450 3726 532 3776 alienu
542 3727 657 3789 pericula
666 3742 726 3777 cau·
762 3724 869 3785 Atticis,
886 3729 913 3772 et
934 3721 1024 3771 eadem
1045 3722 1180 3785 proportio
1199 3728 1241 3771 eat
1264 3723 1291 3772 ln

197 3801 271 3850 tum'
287 3802 378 3854 Douzu.
763 3799 890 3850 drachmia
901 3804 927 3848 et
937 3797 1057 3856 denariis,
1063 3797 1169 3861 triginta
1178 3798 1291 3862 quinque

228 3879 266 3928 Ac
284 3892 339 3926 aroc
356 3893 371 3926 a
389 3877 510 3943 Philippo]
534 3877 617 3928 Notat
635 3876 725 3926 Carrio
762 3875 891 3925 drachman
902 3873 1025 3924 Euboicae
1042 3879 1212 3923 autumentur
1221 3871 1292 3922 Atri-

196 3955 222 4004 in
241 3954 369 4004 Vaticano
388 3955 492 4017 lectum,
508 3943 563 4003 mun
581 3957 657 4002 trudo
668 3953 727 4001 Phi·
762 3953 799 4003 cie
810 3951 937 4001 drachmis
948 3949 1057 4014 triginta
1070 3964 1125 3999 aex.
1157 3948 1292 3998 Talentum

195 4032 269 4095 lippo.
294 4029 400 4080 Scribe:
416 4034 442 4078 ut
457 4027 726 4092 msructol’iilippo
763 4042 824 4078 vero
835 4026 976 4077 Euboicum
996 4030 1146 4076 autumatur
1162 4022 1290 4073 drachmia

196 4106 334 4170 Αιέἰοώυ,
343 4107 384 4169 irc.
409 4105 563 4156 Gronovius.
762 4102 870 4165 Atticis,
891 4103 944 4152 alre
956 4101 1068 4151 denariis
1078 4107 1182 4150 centum
1194 4106 1221 4149 et
1232 4113 1291 4171 aep-

175 4233 178 4236 .
200 4228 207 4242 ,
229 4182 317 4231 Decem
335 4179 439 4230 fidibus
452 4181 605 4247 talentum]
624 4181 663 4230 Ex
682 4178 725 4230 Li-
762 4181 949 4245 tuagmmum
964 4191 1042 4242 cupra
1053 4192 1099 4228 ccx
1109 4175 1198 4228 millia.
1224 4175 1290 4227 Sal.
