3000 5040
590 410 623 458 c.
639 409 671 460 o.
693 409 904 461 sannnsrrr.
1227 399 1292 466 898

239 547 326 609 fuisse
350 547 489 627 intelligas
512 568 578 626 erga
600 550 678 609 hona
692 552 827 628 malaque
846 550 1032 626 documenta,
1053 554 1150 632 qualia
1164 553 1291 635 populus

221 645 407 719 ,criticorum
421 657 449 704 et
465 645 652 722 interpretum
668 646 737 705 dare
752 647 834 708 solet.

199 745 274 804 1795
292 740 425 799 Londini.
443 748 489 800 19.
505 761 540 798 ex
555 740 603 800 ed.
619 740 884 804 MichMaittaire.

195 863 236 876 —
249 833 400 894 Sallustius
423 837 452 892 in
476 837 575 913 capita
596 836 780 911 distributus,
802 857 869 896 curn
889 840 986 916 paruis
1009 841 1038 899 in
1058 861 1141 900 nsum
1163 840 1290 904 tironum

236 929 321 987 notis.
343 931 467 990 Parisiis.
483 942 532 992 98.

198 1024 275 1090 1796
289 1025 325 1085 C.
340 1027 468 1085 Sallustii
489 1027 585 1101 Crispi
604 1028 705 1103 Opera
726 1046 792 1102 quae
805 1037 915 1096 extant,
930 1050 997 1088 cnm
1012 1032 1247 1108 interpretatione
1261 1041 1290 1092 et

236 1121 312 1178 notis
327 1123 404 1179 Dan.
418 1122 558 1197 Crispini,
574 1122 601 1179 in
617 1141 702 1179 usum
717 1123 779 1181 Ser.
795 1123 944 1202 Delphini.
966 1125 1063 1183 Editio
1077 1127 1217 1186 secunda.
1238 1128 1292 1186 ra-

111 1276 116 1285 ,
235 1216 320 1286 risiis,
336 1236 385 1292 ap.
403 1217 531 1275 Barhou.
546 1227 574 1276 4.

194 1342 235 1354 —
249 1311 383 1369 Londini.
400 1312 619 1388 8.-Repetitio
632 1310 680 1370 ed.
695 1313 773 1370 Dan.
789 1311 913 1388 Crispini
928 1313 957 1370 in
973 1332 1056 1372 usum
1072 1314 1221 1390 Delphini.

197 1413 273 1473 1797
289 1407 324 1465 C.
340 1407 435 1485 Crispi
455 1407 579 1467 Sallustii
609 1409 719 1485 Opera,
741 1427 809 1468 curn
833 1409 910 1467 notis
937 1411 1039 1469 Germ.
1076 1409 1290 1487 (Schumanni.)

191 1509 200 1573 ζ
233 1502 326 1573 Halae,
340 1522 387 1580 ap.
403 1504 526 1581 Renger.
544 1514 591 1565 19.

196 1605 272 1664 1798
288 1598 413 1658 Parisiis.
430 1608 477 1660 24.
493 1600 564 1676 maj.

197 1700 272 1760 1799
288 1695 410 1755 Parisiis.
428 1705 475 1758 19.
488 1696 525 1755 ed
541 1715 622 1755 nsum
636 1696 802 1756 scholarum
817 1698 904 1758 Unir.
918 1698 1009 1758 Paris.

196 1797 269 1856 1781
288 1791 389 1867 Angeli
406 1792 507 1850 Mariae
528 1792 660 1851 Peverati
677 1794 889 1854 Annotationes
903 1796 931 1853 in
946 1798 982 1856 C.
997 1794 1124 1855 Sallustii
1140 1796 1287 1856 historiam

232 1883 269 1942 dc
284 1885 484 1960 conjuratione
498 1887 634 1945 Catilinae
648 1895 678 1946 et
700 1888 777 1946 bello
799 1890 817 1948 J
821 1890 986 1965 ugurthino,
1008 1910 1062 1949 nec
1077 1912 1134 1951 non
1150 1893 1288 1971 Synopsis

232 1978 270 2037 de
285 1981 423 2041 Historia.
447 1983 595 2055 Ferraria,
610 1983 686 2060 typis
700 1985 869 2044 Bernardiui
884 1985 1042 2045 Pomatelli.
1060 1995 1087 2045 8.

196 2083 276 2143 17³s
289 2077 422 2137 Londini.
440 2087 466 2140 8.
481 2100 550 2139 cum
564 2080 695 2138 versione
709 2080 833 2156 Anglica
845 2080 893 2138 1ο.
909 2080 1025 2138 Clarhe.

196 2176 271 2235 1735
287 2172 421 2231 [andini.
438 2181 465 2232 8.
481 2194 516 2234 er
531 2175 579 2234 ed.
594 2183 704 2232 etcum
719 2174 794 2232 notis
809 2174 886 2232 Dan.
902 2174 1037 2252 Crispini.

117 2338 120 2343 ι
195 2275 271 2336 1737
286 2269 321 2327 C.
342 2270 437 2346 Crispi
452 2271 582 2329 Sallustii
598 2290 665 2347 quae
685 2279 796 2341 extant,
811 2290 847 2330 ex
861 2271 1028 2330 recensione
1042 2279 1072 2329 et
1086 2290 1153 2330 eum
1168 2279 1292 2330 annota-

111 2344 117 2360 ⁶
233 2363 362 2423 tionibus
386 2367 481 2426 Gottl.
506 2367 609 2426 Curtii.
630 2366 786 2426 Accedunt
809 2368 982 2443 Fragmenta
995 2377 1124 2426 veterum
1138 2366 1289 2425 historico·

230 2479 304 2520 rum.
326 2463 512 2522 Constantius
536 2464 660 2524 Felicius
680 2463 860 2523 Durantinus
876 2462 914 2523 de
927 2463 1127 2541 conjuratione
1141 2462 1287 2523 Catilinae.

233 2557 368 2628 Venetiis,
382 2560 429 2618 1ο.
444 2561 528 2637 Bapt.
542 2560 660 2620 Pascali.
675 2570 705 2620 4.

194 2661 270 2719 1738
284 2655 319 2713 C.
335 2655 429 2732 Crispi
444 2656 571 2717 Sallustii
585 2676 652 2732 qnae
666 2665 832 2736 supersunt.
854 2655 990 2715 Londini.
1007 2665 1054 2716 18.

195 2757 271 2818 1739
286 2751 320 2809 C.
337 2750 432 2827 Crispi
447 2752 574 2811 Sallustii
588 2755 696 2830 Opera,
715 2773 782 2813 cnm
797 2754 875 2812 notis
891 2753 927 2812 ad
943 2750 1064 2811 modum
1079 2748 1212 2820 Minellii,
1225 2765 1286 2808 cur.

231 2846 339 2906 Christ.
355 2847 514 2908 Junclrero.
529 2849 645 2926 Lipsiae.
662 2859 710 2911 19.

194 2949 271 3007 1740
285 2943 411 3004 Hasnire.
427 2953 453 3004 8.
469 2965 537 3003 cum
552 2947 770 3007 commentariis
784 2946 854 3005 ton.
870 2945 1002 3005 Minellii.

195 3046 266 3106 1741
294 3040 328 3098 C.
355 3040 452 3116 Crispi
477 3041 605 3098 Sallustii
631 3041 699 3100 belli
721 3041 879 3101 Catilinarii
905 3049 934 3097 et
958 3037 1125 3115 Jugurthini
1147 3034 1285 3096 historiae.

106 3182 115 3197 .
233 3141 240 3166 ⁴
255 3134 428 3211 Edinburgi,
443 3135 608 3193 Gulielmus
623 3136 701 3214 Geel,
716 3135 863 3194 aurifaber
876 3134 1042 3202 Edinensis,
1061 3152 1118 3191 uon
1133 3132 1207 3210 typis
1226 3150 1286 3191 mo·

232 3229 349 3298 bilibus,
366 3239 399 3288 ut
413 3229 499 3306 vulgo
525 3228 588 3288 lieri
613 3230 697 3302 solet,
712 3229 764 3291 sed
780 3230 896 3290 tabellis
911 3249 962 3288 seu
975 3229 1088 3289 laminis
1102 3227 1184 3298 fusis,
1199 3246 1288 3286 cncu-

230 3324 401 3387 debetne.

198 3426 271 3485 1719
287 3422 322 3480 C.
338 3421 434 3499 Crispi
449 3423 579 3483 Sallustii
595 3442 662 3500 quae
674 3431 785 3483 entant.
820 3422 897 3483 Cum
915 3422 992 3481 notis
1006 3420 1124 3495 integris
1137 3416 1285 3485 Glareani,

231 3514 320 3584 Rivii,
346 3517 508 3588 Ciacconii,
533 3520 638 3589 Ursini,
664 3519 820 3588 Carrionis,
846 3517 983 3586 Monuni,
1006 3515 1113 3582 Coleri‚
1138 3514 1173 3571 C.
1196 3519 1225 3571 et
1247 3514 1285 3569 Α.

230 3612 363 3688 Popnree,
389 3613 533 3680 Palmerii,
559 3615 701 3683 Putschii,
729 3616 847 3682 Donsae,
877 3611 1007 3679 Gruteri,
1035 3609 1167 3685 Ruperti,
1196 3609 1286 3667 Gras-

231 3705 386 3777 winckelii,
401 3715 430 3765 ct
443 3709 508 3767 Jos.
523 3708 641 3774 Wasse;
662 3716 749 3785 atque
764 3706 879 3766 selectis
902 3705 1077 3774 Castilionei,
1094 3702 1223 3773 Zanchii,
1236 3703 1284 3763 1ο.

231 3805 279 3862 Fr.
295 3801 449 3873 Gronovii,
473 3803 541 3862 Jani
565 3801 769 3872 Brouchhusii,
792 3806 850 3860 &c
872 3800 1026 3860 Accedunt
1044 3801 1139 3860 Julius
1154 3802 1285 3874 Exsupe-

230 3898 340 3959 rantius
354 3907 384 3958 ct
396 3898 518 3958 Porcius
529 3899 629 3969 Latro,
642 3906 711 3958 utet
725 3897 885 3975 fragmenta
898 3897 1111 3966 historicorum,
1127 3913 1194 3952 cum
1208 3892 1283 3951 notis

230 3994 348 4072 integris
371 3997 409 4054 Α.
434 3996 564 4071 Popmae‚
586 3993 692 4065 Coleri‚
717 3993 978 4070 superstitiose,
1001 3988 1205 4058 Brouclrhnsii‚
1224 3991 1282 4046 &a

231 4111 299 4149 cura
314 4091 454 4169 sigeberti
469 4091 674 4169 Havercampi.
716 4091 791 4149 Cum
804 4088 955 4148 indicibus
970 4085 1185 4164 copiosissimis.
1213 4086 1283 4143 Am·

232 4186 400 4261 usiadem,
423 4188 503 4267 apud
527 4188 710 4268 Changuiom
727 4191 785 4249 &a
806 4187 900 4264 rtagae
924 4186 1008 4244 Com.
1034 4202 1083 4263 ap.
1104 4183 1208 4257 Gosse,
1222 4187 1281 4245 tre.
