3000 5040
305 380 370 454 828
633 394 828 449 nncnrrous
853 394 1069 447 nnrrrorrurr

344 550 429 610 donis
443 550 562 610 Ferrarii
581 548 731 628 diligentia
744 549 847 609 illustr.
861 546 898 608 ad
914 565 997 606 usum
1011 544 1187 606 scholarum.
1228 543 1262 602 ln
1277 543 1332 604 bac
1346 564 1403 604 no·

343 645 457 705 rissinra
471 645 519 706 ed.
533 645 680 707 accedunt
691 645 802 723 reliqua
812 641 941 703 Saliustii
951 648 1127 720 quaeritant
1137 638 1244 710 omnia,
1259 657 1401 698 unacum

343 742 439 802 Porcii
454 743 585 801 Latronis
600 743 629 801 in
650 741 740 801 Catil.
763 738 895 798 Declam.
913 746 944 797 et
962 746 1091 796 veterum
1105 736 1308 796 historicorum
1324 735 1403 812 t'rag·

341 838 457 897 ruentis.
475 835 993 915 11111111,111110111111111111111).
1008 832 1194 894 Remondini.
1212 831 1403 893 ra-Lecri·

341 951 428 994 onem
443 933 579 993 Aldinam
593 934 716 993 inarime
729 931 871 1009 sequitur.

301 1060 343 1073 -
357 1029 393 1088 C.
417 1028 538 1104 Crispus
561 1028 725 1098 Sallustius,
751 1035 781 1085 et
804 1027 838 1085 L.
860 1027 987 1086 Annum
1010 1024 1122 1086 Florus.
1150 1021 1402 1101 Rirmingbsmise,

343 1124 422 1202 typis
436 1126 485 1184 Jn.
500 1123 686 1183 Baskerville.
703 1132 748 1183 12.

305 1226 384 1288 1777
398 1220 548 1295 Glasguae.
566 1228 613 1278 12.
629 1238 665 1276 ex
679 1215 846 1275 recensione
860 1214 955 1274 Gottl.
970 1214 1072 1274 Curtii.

306 1321 380 1382 1778
404 1314 438 1371 C.
463 1311 561 1389 Crispi
583 1309 710 1370 Sallustii
738 1327 806 1388 quaa
828 1316 940 1379 extant,
964 1307 1103 1367 curalo.
1125 1307 1192 1365 Jac.
1219 1309 1402 1388 Huttingeri.

339 1407 450 1475 Turici,
473 1407 550 1485 typis
572 1406 672 1476 Orelli,
695 1405 825 1476 Gesneri,
849 1403 1402 1464 1111111511.1.-11111110111

339 1510 383 1560 est
396 1502 559 1561 Continuus.
578 1503 768 1579 Hottingerus
788 1519 848 1559 non
862 1498 1002 1578 praefatus
1016 1508 1062 1558 est
1074 1498 1195 1569 auctori,
1209 1498 1258 1558 sed
1274 1500 1401 1559 consilio

339 1596 463 1658 edendi:
484 1597 694 1674 subjunxitque
708 1595 876 1655 varietatem
895 1594 1030 1655 lectionis
1050 1594 1089 1654 ad
1108 1594 1196 1654 Catii.
1216 1603 1246 1654 ct
1260 1596 1399 1673 iugurth.

301 1732 304 1737 ·
338 1711 374 1750 ex
388 1692 526 1753 Cuntinus
539 1702 570 1752 et
583 1692 834 1770 Havercanrpiana
852 1690 969 1750 selectas
988 1711 1043 1751 suo
1060 1690 1178 1767 judicio
1197 1691 1320 1749 subinde
1334 1710 1400 1769 per·

338 1787 469 1846 mixtam.
510 1789 614 1867 Neque
639 1787 862 1858 alianastasis,
884 1806 980 1865 neque
1004 1786 1096 1846 Iudex
1117 1785 1184 1847 bist.
1209 1786 1397 1863 subjunctus.

339 1881 436 1941 Editio
451 1883 540 1943 nitide
553 1903 662 1943 excusa
675 1892 705 1942 et
718 1892 865 1943 accurata.

298 2011 338 2024 -·
351 1978 535 2056 Noribergsc.
548 1988 576 2040 8.
591 1999 619 2040 c.
633 1978 716 2057 pras.
730 1978 867 2056 Theopb.
887 1978 994 2038 Christ.
1008 1977 1142 2047 Harlesii,
1157 1977 1208 2055 qui
1220 1976 1312 2037 textui
1327 1977 1398 2036 sub·

339 2074 414 2134 didit
428 2078 510 2135 lectt.
525 2094 597 2135 vars.
614 2085 643 2137 2.
658 2073 755 2135 Codd.
768 2073 991 2151 Tegernseeusis
1006 2083 1036 2133 ct
1050 2073 1244 2151 Erlangensis.

301 2177 380 2240 1779
394 2173 429 2232 C.
444 2172 540 2248 Crispi
553 2171 678 2230 Sallustii
693 2171 803 2249 Opera,
819 2168 975 2231 novissime
986 2169 1147 2246 recognita,
1161 2169 1298 2228 varietate
1312 2169 1398 2230 lecti·

318 2285 427 2326 ,onum
442 2267 578 2341 notisque
595 2265 711 2324 selectis
733 2274 831 2336 auctu,
846 2264 950 2324 studiis
972 2265 1125 2325 Societatis
1150 2264 1325 2343 Bipontinoe.
1346 2266 1397 2324 Bi·

336 2361 428 2436 ponti,
442 2381 478 2418 ex
493 2360 686 2438 typographia
700 2362 820 2421 Ducali.
836 2370 854 2422 8
868 2361 940 2438 maj.

295 2484 337 2498 -
350 2455 520 2514 Mauhemii.
538 2465 554 2517 8
569 2457 811 2516 mim-Tenum
826 2458 998 2517 Cortianum
1013 2457 1116 2517 reddit.

295 2581 336 2595 -
350 2548 511 2629 Herbipoli‚
526 2569 574 2627 ap.
589 2552 697 2612 srahel.
710 2562 739 2613 8.

302 2653 379 2713 1780
393 2647 429 2705 C.
450 2647 545 2724 Crispi
559 2647 688 2706 Sallustii
711 2651 821 2726 Opera,
843 2647 995 2707 novissime
1015 2648 1174 2726 recognita,
1195 2647 1351 2707 emendata
1366 2659 1398 2708 et

331 2741 485 2801 illustrata.
528 2744 714 2803 Praemittitur
735 2746 794 2804 vita
807 2766 826 2804 a
838 2748 887 2806 Jo.
908 2745 1024 2805 Clerico
1043 2745 1150 2821 scripta
1163 2753 1194 2803 et
1207 2744 1314 2802 notitia
1327 2745 1397 2803 lite·

332 2837 416 2900 raria.
459 2837 569 2897 Studiis
596 2838 751 2899 Societatis
779 2840 943 2919 Bipontinae
971 2839 1069 2897 Fsditio
1096 2858 1155 2898 sec.
1179 2839 1341 2898 accuratior
1362 2851 1396 2899 et

331 2933 458 2993 auctior.
494 2936 623 3013 Biponti,
647 2936 726 3010 apud
753 2937 830 2996 Petr.
855 2937 1008 3016 Hailanzy.
1034 2945 1063 2997 8.
1085 2935 1302 2995 m.-—Secunda
1326 2936 1394 2995 brec

331 3028 421 3089 editio
435 3040 532 3091 nostra
546 3034 629 3092 novis
645 3053 697 3110 per
710 3042 806 3093 totum
816 3055 852 3094 ac
867 3032 1102 3112 diligentioribus
1117 3032 1194 3091 curis
1208 3032 1394 3109 recognitum

331 3134 363 3184 et
377 3129 563 3186 emendatum
585 3138 697 3189 textum
713 3132 810 3201 babet,
827 3131 931 3209 inquo
954 3129 1161 3189 constituendo
1180 3148 1276 3205 neque
1291 3148 1394 3205 super·

333 3219 459 3291 stitione,
484 3243 543 3300 qua
564 3226 697 3302 plerique
720 3227 846 3287 editores
860 3228 1003 3296 laborant,
1019 3227 1070 3284 ulli
1084 3227 1215 3302 priorum
1230 3224 1392 3284 editionum

332 3315 373 3376 ita
386 3319 506 3397 astringi
528 3338 582 3377 nos
600 3321 674 3396 passi
693 3341 803 3392 sunaus,
823 3331 856 3381 ut
869 3323 958 3381 etiam
981 3341 1093 3379 errores
1106 3338 1345 3397 propagaremus,
1361 3330 1393 3380 et

332 3412 378 3470 vel
391 3413 429 3478 ab
444 3413 509 3492 ipsa
523 3425 617 3474 nostra
634 3415 736 3492 prima,
758 3417 808 3473 ubi
825 3416 954 3475 nondum
970 3417 1040 3476 saris
1053 3414 1216 3473 examinata
1230 3415 1275 3472 vel
1290 3434 1390 3474 emen-

332 3507 403 3566 data
416 3508 576 3580 videbatur,
588 3510 738 3573 discedere
749 3519 875 3570 nostrum
884 3512 1029 3571 duximus.
1059 3509 1211 3587 Quicquid
1223 3511 1310 3587 igitur
1320 3512 1391 3571 boni

331 3612 397 3674 post
411 3605 522 3676 priscos
530 3607 658 3667 editores
670 3609 772 3679 Aldus,
786 3610 851 3686 ejus
862 3610 956 3668 affinis
968 3611 1016 3668 Fr.
1027 3608 1180 3676 Asuianus,
1197 3608 1306 3678 Rivius,
1315 3608 1391 3667 Gla·

329 3709 444 3761 reanus,
460 3699 571 3769 Curtio,
594 3705 778 3774 Ciaccouius,
798 3705 962 3776 Putsclrius‚
978 3710 1013 3764 Α.
1029 3705 1149 3782 Popma,
1165 3706 1319 3772 Gruterus,
1335 3706 1390 3763 Pa·

330 3805 407 3855 reus,
422 3789 568 3864 liutgerus
583 3795 807 3867 Hermannides,
830 3801 967 3868 Wassius,
990 3801 1116 3870 Curtius,
1133 3799 1193 3869 alii,
1210 3819 1246 3856 ex
1262 3799 1390 3857 meliori·

284 3944 287 3949 ,
330 3885 386 3943 bus
399 3884 496 3944 Codd.
509 3887 664 3957 dederuut,
686 3902 736 3947 aut
748 3912 783 3949 ex
797 3913 897 3950 eurum
911 3905 939 3952 et
954 3894 1115 3971 priscarum
1127 3894 1285 3953 editionum
1300 3897 1388 3954 vesti-

330 3980 385 4056 giis
398 3983 441 4038 sui
455 3981 558 4058 ingenii
579 4002 637 4060 ope
658 3984 799 4056 invenere,
821 3987 851 4045 id
872 3989 991 4066 quidem
1006 3991 1176 4069 recepimus,
1190 3992 1235 4049 vel
1248 3990 1386 4069 probavi-

330 4093 413 4133 mus:
428 4077 492 4144 alia,
502 4097 569 4153 quae
577 4079 746 4137 affluxerant
759 4083 859 4160 magis,
870 4103 958 4161 quam
967 4105 1032 4145 vere
1041 4086 1242 4162 conjecerant,
1251 4086 1386 4146 modeste

328 4170 535 4234 refutavimus:
556 4193 592 4235 ac
606 4176 631 4234 si
643 4194 709 4254 quae
724 4187 865 4255 praterea
884 4179 1021 4241 minutius
1035 4183 1159 4261 quaesita
1171 4191 1263 4253 erant,
1286 4183 1385 4262 qualia
