2994 5040
194 352 260 419 802
523 365 717 417 unornane
743 365 960 415 nnrrronuu

204 528 209 539 '
224 504 245 517 ’ἢ
272 560 292 587 ,.
314 518 398 587 Quos
412 517 533 576 Bellona
544 502 705 575 viros'olim
718 514 894 574 concusserit
907 514 1005 575 armis.

235 616 349 690 Agmeu
362 611 504 670 claudunt
519 630 526 669 :
544 612 588 669 Μ.
598 610 638 668 Τ.
648 610 796 669 Ciceronis
811 610 963 668 invectivae
978 610 1006 669 in
1019 610 1052 668 L.
1068 609 1229 670 Catilinam.
1254 610 1288 668 ln

193 738 198 749 ·
235 705 311 765 tine:
334 714 343 740 ¹
359 707 399 764 Et
421 707 451 763 in
473 705 643 765 hoctinitur
664 714 767 784 quarta
780 705 923 764 invectiva
938 707 982 764 Μ.
993 705 1032 762 Τ.
1046 705 1196 764 Ciceronis
1209 706 1237 764 in
1252 704 1289 764 L.

234 800 405 861 Catilinam!
434 801 524 861 Char.
535 802 614 861 Petri
628 801 758 872 Caesaris,
772 801 949 880 typographi
964 801 1310 886 Parisiensisa-Pauuer

234 897 321 956 Tom.
337 911 376 955 11.
390 914 458 972 pag.
473 903 542 957 342.

200 1021 229 1040 ··
248 1012 272 1051 s.
285 1011 313 1051 a.
328 1000 358 1050 4.
379 990 505 1051 Sallustii
518 990 585 1048 libri
599 990 637 1048 de
651 990 853 1065 conjuratione
867 990 998 1048 Catilina
1009 990 1086 1048 etde
1098 991 1295 1069 bellolugnr·

193 1118 196 1123 ·
234 1087 326 1155 thino,
341 1104 408 1143 cum
423 1083 572 1144 Ciceronis
585 1082 736 1141 invectivis
750 1081 779 1139 in
794 1082 959 1142 Catilinam.
1011 1085 1147 1143 ‘Parisiis
1162 1106 1213 1162 per
1227 1104 1295 1144 nra·

235 1183 357 1260 gistrum
369 1179 540 1241 Udalricnm
555 1186 749 1252 cognomento
771 1178 901 1255 Gering.’
921 1183 980 1250 (an.
1000 1187 1088 1248 1479.
1104 1190 1135 1238 ut
1148 1184 1296 1257 putatur.)

235 1277 388 1336 -Pnnaer
400 1274 488 1331 Tam.
504 1288 544 1329 11.
560 1289 627 1347 pag.
642 1279 712 1330 340.
733 1271 841 1330 Differt
854 1273 891 1330 ab
904 1273 977 1331 edit.
992 1275 1134 1351 principe.
1179 1305 1182 1310 ·

201 1400 229 1418 ··
249 1389 272 1428 s.
286 1387 314 1428 a.
327 1376 357 1426 et
371 1367 392 1425 l.
405 1365 454 1425 101.
469 1364 597 1424 Sallustii
614 1364 723 1440 Opera.
764 1366 798 1422 ln
810 1365 867 1425 fine
882 1366 986 1443 legitur
998 1368 1154 1427 lastiniani
1169 1369 1294 1428 Romani

190 1499 193 1505 ‚
235 1462 371 1541 epistola,
392 1481 429 1520 en
452 1480 510 1538 qua
530 1460 669 1519 discimus
683 1461 822 1519 loannem
836 1462 1048 1521 vercellensem
1063 1473 1094 1521 et
1108 1464 1294 1524 Franciscutu

236 1558 369 1617 Medium
383 1557 567 1632 impressores
581 1555 831 1613 luisse-Panum
844 1556 932 1613 Toni.
949 1572 1002 1615 111.
1018 1573 1085 1633 pag.
1101 1565 1170 1616 501.

201 1681 229 1700 ··
249 1672 273 1711 s.
284 1672 312 1711 a.
327 1661 356 1710 4.
377 1649 506 1710 Sallustii
520 1648 557 1708 de
571 1649 772 1726 conjuratione
787 1650 921 1709 Catilinae
936 1651 1020 1710 liber.
1050 1660 1058 1686 ‘
1073 1653 1179 1711 Svollis
1190 1671 1244 1729 per
1256 1653 1292 1712 P.

189 1773 194 1780 ·
236 1748 279 1807 Os
292 1747 330 1806 de
341 1745 607 1806 Breda.'-Panaer
618 1746 706 1830 Tem.
722 1762 771 1804 rx.
787 1765 854 1823 pag.
872 1756 939 1806 104.

203 1873 232 1891 ··
252 1863 276 1902 s.
290 1861 318 1901 a.
334 1841 353 1900 l.
366 1850 395 1899 et
411 1851 527 1918 typogr.
542 1840 604 1899 Fol.
625 1841 680 1898 ‘C.
697 1839 790 1917 Crispi
812 1840 926 1900 Salustii
941 1841 1012 1900 liber
1026 1842 1063 1900 de
1078 1843 1293 1918 conjuratione,

190 1998 193 2003 ,
238 1937 273 1994 L.
288 1937 349 1995 Ser.
367 1935 504 1994 Catilius.
526 1934 670 1994 Praecedit
690 1936 726 1994 C.
750 1935 846 2012 Crispi
870 1936 985 1995 Salustii
1010 1937 1292 2014 0103111000.)-

235 2032 345 2091 Panaer
357 2029 446 2086 Tom.
462 2045 512 2086 lx.
527 2046 594 2105 pag.
612 2036 678 2088 501.
740 2063 746 2073 .

202 2153 231 2173 ··
249 2144 273 2183 s.
287 2143 314 2182 a.
329 2124 349 2183 1.
363 2132 393 2182 et
415 2132 529 2201 typogr.
551 2132 581 2182 4.
610 2124 765 2201 Excerptre
785 2124 930 2184 orationes
952 2145 988 2184 en
1008 2126 1087 2186 libris
1107 2126 1292 2186 historiarum

192 2260 197 2269 ·
236 2221 271 2280 C.
287 2218 382 2295 Crispi
395 2217 533 2276 Sallustii.
568 2219 676 2296 lucipit
698 2220 736 2279 ab
761 2221 890 2280 oratione
904 2222 1008 2299 Lepidi
1022 2224 1089 2284 Cos.
1105 2222 1142 2281 ad
1158 2225 1194 2282 R.
1210 2222 1244 2282 Ρ.
1260 2231 1292 2283 et

236 2315 407 2372 terminatur
420 2311 465 2370 his
475 2312 623 2371 versibus:
1203 2352 1208 2362 ·

315 2405 430 2464 Christe
445 2409 536 2476 Deus,
551 2427 618 2465 vere
639 2418 738 2467 sancte
751 2411 900 2486 genetricis
913 2432 1010 2473 amore

356 2499 495 2576 Corporis
509 2519 545 2558 ac
560 2494 653 2559 anime
668 2501 706 2560 sit
718 2503 770 2561 tibi
785 2524 854 2563 cura
869 2525 941 2564 mee.

315 2593 417 2652 Hostis
431 2594 469 2651 ab
484 2594 595 2654 insidiis
608 2597 720 2655 cunctis
735 2598 790 2658 hac
811 2610 896 2658 nocte
908 2609 1006 2669 tuera;

356 2689 489 2758 Peccavi,
504 2690 606 2758 fatcor,
622 2699 654 2748 tu
670 2692 883 2754 misereremei.

235 2785 323 2845 Char.
338 2784 419 2860 goth.
443 2784 510 2843 Joh.
532 2784 649 2854 Schalli,
675 2789 848 2864 typographi
873 2790 1293 2856 Mantuani—Pauzer'l‘om.

253 2897 275 2939 1.
345 2921 352 2937 .
371 2887 416 2939 11).

200 2896 271 3031 uls.
285 2898 346 3031 iiii.
360 2981 389 3030 et
404 2983 516 3050 typogr.
527 2981 555 3034 4.
565 2973 716 3034 Orationes
725 2993 760 3032 ex
772 2976 907 3037 Sallustio
921 2990 951 3038 et
964 2964 1189 3042 aliis-Panzer
1201 2983 1292 3044 Tom.

236 3083 281 3125 lv,
296 3086 361 3144 pag.
380 3068 445 3136 169.

199 3190 227 3208 ..
247 3180 270 3221 s.
284 3181 301 3219 a
314 3162 334 3221 l.
352 3171 382 3220 et
397 3173 510 3240 typogr.
526 3174 555 3224 4.
578 3167 712 3227 ‘Salustii
726 3167 871 3227 invectiva
884 3181 986 3230 contra
1001 3175 1044 3232 M.
1056 3175 1094 3233 T.
1107 3174 1291 3236 Ciceronem.

234 3256 397 3333 Responsio
412 3259 557 3318 Ciceronis
580 3273 681 3321 contra
702 3264 874 3322 invectivam
894 3268 1018 3326 Salustii.
1060 3269 1191 3345 Epistola
1208 3272 1290 3331 Enee

233 3351 315 3410 Silvii
349 3362 452 3411 contra
487 3358 662 3415 vernandum
699 3359 896 3436 legisperitum
931 3362 968 3419 dc
1003 3365 1290 3428 recommendatione

232 3448 346 3523 poesis,’
359 3453 418 3507 dre.
440 3450 528 3508 Char.
544 3453 664 3510 Arrsoldi
678 3454 896 3525 Tlrerhoernen,
909 3460 1082 3534 typographi
1095 3460 1288 3524 Coloniensis.

232 3541 341 3602 Pauzcr
353 3544 440 3604 Tom.
458 3560 502 3605 lv.
518 3566 586 3624 pag.
605 3546 670 3607 186.
686 3547 753 3606 coll.
768 3550 855 3608 Το111.
873 3568 920 3611 lx.
936 3572 1004 3631 pag.
1020 3561 1086 3620 227.

645 3712 757 3770 AETAS
785 3714 826 3774 ll.

634 3842 711 3901 1490
755 3843 841 3895 1508.

191 3982 304 4044 Nomen
319 3981 425 4042 habeat
439 4001 455 4040 a
468 3982 631 4063 Pomponio
645 3970 802 4071 Laetosqui
824 4004 854 4054 et
875 3999 1042 4059 Sallustium
1059 4003 1242 4079 recognovit,
1259 4014 1290 4066 et

230 4094 266 4135 ex
281 4077 356 4140 Cod.
371 4078 691 4183 Vaticano—fragmenta
713 4088 825 4168 aliaque
850 4093 942 4154 eidem
967 4095 1137 4173 adjudicata
1150 4102 1287 4175 protulit.
