<?xml version="1.0" encoding="UTF-8"?>
<!DOCTYPE html PUBLIC "-//W3C//DTD XHTML 1.0 Transitional//EN"
    "http://www.w3.org/TR/xhtml1/DTD/xhtml1-transitional.dtd">
<html xmlns="http://www.w3.org/1999/xhtml" xml:lang="en" lang="en">
 <head>
  <title>
</title>
<meta http-equiv="Content-Type" content="text/html;charset=utf-8" />
  <meta name='ocr-system' content='tesseract 3.04.00' />
  <meta name='ocr-capabilities' content='ocr_page ocr_carea ocr_par ocr_line ocrx_word'/>
</head>
<body>
  <div class='ocr_page' id='page_1' title='image "./ccrispisallusti00sallgoog_0254.png"; bbox 0 0 3000 5040; ppageno 0'>
   <div class='ocr_carea' id='block_1_1' title="bbox 275 367 1020 434">
    <p class='ocr_par' dir='ltr' id='par_1_1' title="bbox 275 367 1020 434">
     <span class='ocr_line' id='line_1_1' title="bbox 275 367 1020 434; baseline -0.005 0"><span class='ocrx_word' id='word_1_1' title='bbox 275 367 342 434; x_wconf 60' lang='lat' dir='ltr'>wil</span> <span class='ocrx_word' id='word_1_2' title='bbox 628 382 735 431; x_wconf 75' lang='lat' dir='ltr'>noun</span> <span class='ocrx_word' id='word_1_3' title='bbox 756 381 955 432; x_wconf 72' lang='lat' dir='ltr'>santonus«</span> <span class='ocrx_word' id='word_1_4' title='bbox 980 381 1020 430; x_wconf 79' lang='lat' dir='ltr'>ru</span> 
     </span>
    </p>
   </div>
   <div class='ocr_carea' id='block_1_2' title="bbox 258 523 1374 4240">
    <p class='ocr_par' dir='ltr' id='par_1_2' title="bbox 258 523 1374 4240">
     <span class='ocr_line' id='line_1_2' title="bbox 275 523 1374 590; baseline -0.002 -13"><span class='ocrx_word' id='word_1_5' title='bbox 275 525 317 577; x_wconf 85' lang='lat' dir='ltr'>lili</span> <span class='ocrx_word' id='word_1_6' title='bbox 327 525 450 576; x_wconf 75' lang='lat' dir='ltr'>Historias</span> <span class='ocrx_word' id='word_1_7' title='bbox 462 531 552 589; x_wconf 86' lang='lat' dir='ltr'>turpes</span> <span class='ocrx_word' id='word_1_8' title='bbox 563 526 700 576; x_wconf 84' lang='lat' dir='ltr'>inseruisse</span> <span class='ocrx_word' id='word_1_9' title='bbox 712 527 805 590; x_wconf 67' lang='lat' dir='ltr'>jocos!</span> <span class='ocrx_word' id='word_1_10' title='bbox 844 525 901 587; x_wconf 84' lang='lat' dir='ltr'>reli,</span> <span class='ocrx_word' id='word_1_11' title='bbox 918 523 1022 590; x_wconf 81' lang='lat' dir='ltr'>filioque</span> <span class='ocrx_word' id='word_1_12' title='bbox 1033 524 1090 588; x_wconf 86' lang='lat' dir='ltr'>ejus</span> <span class='ocrx_word' id='word_1_13' title='bbox 1108 524 1206 574; x_wconf 79' lang='lat' dir='ltr'>Fausto</span> <span class='ocrx_word' id='word_1_14' title='bbox 1216 523 1374 589; x_wconf 74' lang='lat' dir='ltr'>gretissiuuas</span> 
     </span>
     <span class='ocr_line' id='line_1_3' title="bbox 276 601 1373 666; baseline -0.003 -13"><span class='ocrx_word' id='word_1_15' title='bbox 276 601 421 653; x_wconf 59' lang='lat' dir='ltr'>”eminere</span> <span class='ocrx_word' id='word_1_16' title='bbox 433 602 510 651; x_wconf 89' lang='lat' dir='ltr'>etiam</span> <span class='ocrx_word' id='word_1_17' title='bbox 524 609 624 650; x_wconf 81' lang='lat' dir='ltr'>veteres</span> <span class='ocrx_word' id='word_1_18' title='bbox 636 602 807 651; x_wconf 82' lang='lat' dir='ltr'>Grammatici</span> <span class='ocrx_word' id='word_1_19' title='bbox 843 601 909 652; x_wconf 81' lang='lat' dir='ltr'>suit:</span> <span class='ocrx_word' id='word_1_20' title='bbox 926 615 1005 666; x_wconf 87' lang='lat' dir='ltr'>quare</span> <span class='ocrx_word' id='word_1_21' title='bbox 1022 615 1152 665; x_wconf 86' lang='lat' dir='ltr'>nunquam</span> <span class='ocrx_word' id='word_1_22' title='bbox 1171 615 1220 650; x_wconf 90' lang='lat' dir='ltr'>nou</span> <span class='ocrx_word' id='word_1_23' title='bbox 1242 602 1373 666; x_wconf 83' lang='lat' dir='ltr'>utriusque</span> 
     </span>
     <span class='ocr_line' id='line_1_4' title="bbox 272 675 1374 742; baseline -0.003 -13"><span class='ocrx_word' id='word_1_24' title='bbox 272 677 452 729; x_wconf 77' lang='lat' dir='ltr'>commentarii</span> <span class='ocrx_word' id='word_1_25' title='bbox 464 678 520 740; x_wconf 86' lang='lat' dir='ltr'>ejus</span> <span class='ocrx_word' id='word_1_26' title='bbox 532 678 558 725; x_wconf 92' lang='lat' dir='ltr'>in</span> <span class='ocrx_word' id='word_1_27' title='bbox 570 677 708 726; x_wconf 86' lang='lat' dir='ltr'>Plautum:</span> <span class='ocrx_word' id='word_1_28' title='bbox 723 692 806 742; x_wconf 87' lang='lat' dir='ltr'>neque</span> <span class='ocrx_word' id='word_1_29' title='bbox 844 692 872 726; x_wconf 90' lang='lat' dir='ltr'>se</span> <span class='ocrx_word' id='word_1_30' title='bbox 888 676 1008 726; x_wconf 80' lang='lat' dir='ltr'>libertum</span> <span class='ocrx_word' id='word_1_31' title='bbox 1028 675 1120 725; x_wconf 82' lang='lat' dir='ltr'><strong>edidit.</strong></span> <span class='ocrx_word' id='word_1_32' title='bbox 1154 675 1259 725; x_wconf 85' lang='lat' dir='ltr'>Librum</span> <span class='ocrx_word' id='word_1_33' title='bbox 1277 683 1374 738; x_wconf 82' lang='lat' dir='ltr'>autem,</span> 
     </span>
     <span class='ocr_line' id='line_1_5' title="bbox 270 752 1373 818; baseline 0 -15"><span class='ocrx_word' id='word_1_34' title='bbox 270 752 367 803; x_wconf 68' lang='lat' dir='ltr'>mirum</span> <span class='ocrx_word' id='word_1_35' title='bbox 378 753 404 800; x_wconf 94' lang='lat' dir='ltr'>in</span> <span class='ocrx_word' id='word_1_36' title='bbox 415 767 446 802; x_wconf 92' lang='lat' dir='ltr'>eo</span> <span class='ocrx_word' id='word_1_37' title='bbox 455 759 561 802; x_wconf 86' lang='lat' dir='ltr'>anctore</span> <span class='ocrx_word' id='word_1_38' title='bbox 569 752 728 802; x_wconf 86' lang='lat' dir='ltr'>enucleando</span> <span class='ocrx_word' id='word_1_39' title='bbox 734 753 806 802; x_wconf 85' lang='lat' dir='ltr'>illum</span> <span class='ocrx_word' id='word_1_40' title='bbox 843 768 919 818; x_wconf 86' lang='lat' dir='ltr'>quem</span> <span class='ocrx_word' id='word_1_41' title='bbox 928 755 999 802; x_wconf 87' lang='lat' dir='ltr'>Sulla</span> <span class='ocrx_word' id='word_1_42' title='bbox 1010 752 1177 801; x_wconf 80' lang='lat' dir='ltr'>nouissimum</span> <span class='ocrx_word' id='word_1_43' title='bbox 1188 753 1221 802; x_wconf 90' lang='lat' dir='ltr'>de</span> <span class='ocrx_word' id='word_1_44' title='bbox 1232 753 1310 802; x_wconf 81' lang='lat' dir='ltr'>rebus</span> <span class='ocrx_word' id='word_1_45' title='bbox 1322 753 1373 803; x_wconf 90' lang='lat' dir='ltr'>suis</span> 
     </span>
     <span class='ocr_line' id='line_1_6' title="bbox 274 827 1374 893; baseline 0.002 -16"><span class='ocrx_word' id='word_1_46' title='bbox 274 840 381 891; x_wconf 83' lang='lat' dir='ltr'>operam</span> <span class='ocrx_word' id='word_1_47' title='bbox 402 842 473 876; x_wconf 88' lang='lat' dir='ltr'>suam</span> <span class='ocrx_word' id='word_1_48' title='bbox 495 827 618 889; x_wconf 90' lang='lat' dir='ltr'>posuisse,</span> <span class='ocrx_word' id='word_1_49' title='bbox 640 841 698 876; x_wconf 91' lang='lat' dir='ltr'>cum</span> <span class='ocrx_word' id='word_1_50' title='bbox 719 827 752 876; x_wconf 92' lang='lat' dir='ltr'>de</span> <span class='ocrx_word' id='word_1_51' title='bbox 774 842 806 877; x_wconf 88' lang='lat' dir='ltr'>eo</span> <span class='ocrx_word' id='word_1_52' title='bbox 843 829 994 892; x_wconf 71' lang='lat' dir='ltr'>reliquerat,</span> <span class='ocrx_word' id='word_1_53' title='bbox 1016 829 1072 891; x_wconf 86' lang='lat' dir='ltr'>ipse</span> <span class='ocrx_word' id='word_1_54' title='bbox 1095 827 1244 890; x_wconf 69' lang='lat' dir='ltr'>supplevit!</span> <span class='ocrx_word' id='word_1_55' title='bbox 1295 828 1374 893; x_wconf 80' lang='lat' dir='ltr'>Apud</span> 
     </span>
     <span class='ocr_line' id='line_1_7' title="bbox 268 904 1374 970; baseline -0.002 -14"><span class='ocrx_word' id='word_1_56' title='bbox 268 904 374 965; x_wconf 55' lang='lat' dir='ltr'>ssoerihut</span> <span class='ocrx_word' id='word_1_57' title='bbox 400 904 511 955; x_wconf 84' lang='lat' dir='ltr'>Cicero:</span> <span class='ocrx_word' id='word_1_58' title='bbox 537 906 602 970; x_wconf 88' lang='lat' dir='ltr'>‘qui</span> <span class='ocrx_word' id='word_1_59' title='bbox 634 912 704 955; x_wconf 83' lang='lat' dir='ltr'>recte</span> <span class='ocrx_word' id='word_1_60' title='bbox 735 906 805 970; x_wconf 90' lang='lat' dir='ltr'>loqui</span> <span class='ocrx_word' id='word_1_61' title='bbox 843 904 1014 954; x_wconf 82' lang='lat' dir='ltr'>Plutarchum</span> <span class='ocrx_word' id='word_1_62' title='bbox 1035 904 1114 954; x_wconf 79' lang='lat' dir='ltr'>nemci</span> <span class='ocrx_word' id='word_1_63' title='bbox 1136 904 1282 967; x_wconf 78' lang='lat' dir='ltr'>iterumque</span> <span class='ocrx_word' id='word_1_64' title='bbox 1305 906 1374 968; x_wconf 79' lang='lat' dir='ltr'>lego,</span> 
     </span>
     <span class='ocr_line' id='line_1_8' title="bbox 275 980 1373 1047; baseline 0 -16"><span class='ocrx_word' id='word_1_65' title='bbox 275 987 379 1047; x_wconf 84' lang='lat' dir='ltr'>putaret</span> <span class='ocrx_word' id='word_1_66' title='bbox 401 997 457 1032; x_wconf 88' lang='lat' dir='ltr'>esse</span> <span class='ocrx_word' id='word_1_67' title='bbox 477 982 598 1032; x_wconf 77' lang='lat' dir='ltr'>inusitate</span> <span class='ocrx_word' id='word_1_68' title='bbox 619 983 707 1047; x_wconf 66' lang='lat' dir='ltr'>loqui!</span> <span class='ocrx_word' id='word_1_69' title='bbox 739 983 804 1032; x_wconf 83' lang='lat' dir='ltr'>Eum</span> <span class='ocrx_word' id='word_1_70' title='bbox 841 983 939 1032; x_wconf 82' lang='lat' dir='ltr'>Sullam</span> <span class='ocrx_word' id='word_1_71' title='bbox 963 980 1159 1031; x_wconf 84' lang='lat' dir='ltr'>commentarios</span> <span class='ocrx_word' id='word_1_72' title='bbox 1183 996 1242 1031; x_wconf 84' lang='lat' dir='ltr'>suos</span> <span class='ocrx_word' id='word_1_73' title='bbox 1270 982 1373 1032; x_wconf 83' lang='lat' dir='ltr'>dicasse</span> 
     </span>
     <span class='ocr_line' id='line_1_9' title="bbox 274 1057 1373 1123; baseline -0.001 -14"><span class='ocrx_word' id='word_1_74' title='bbox 274 1059 372 1109; x_wconf 69' lang='lat' dir='ltr'>stettin</span> <span class='ocrx_word' id='word_1_75' title='bbox 400 1058 548 1123; x_wconf 83' lang='lat' dir='ltr'>aliquando,</span> <span class='ocrx_word' id='word_1_76' title='bbox 585 1060 673 1109; x_wconf 88' lang='lat' dir='ltr'>itidem</span> <span class='ocrx_word' id='word_1_77' title='bbox 698 1059 803 1110; x_wconf 75' lang='lat' dir='ltr'>Achaim</span> <span class='ocrx_word' id='word_1_78' title='bbox 842 1059 960 1119; x_wconf 88' lang='lat' dir='ltr'>Lucullo,</span> <span class='ocrx_word' id='word_1_79' title='bbox 979 1057 1058 1122; x_wconf 83' lang='lat' dir='ltr'>idque</span> <span class='ocrx_word' id='word_1_80' title='bbox 1077 1073 1109 1106; x_wconf 91' lang='lat' dir='ltr'>ea</span> <span class='ocrx_word' id='word_1_81' title='bbox 1125 1057 1281 1119; x_wconf 85' lang='lat' dir='ltr'>conditione,</span> <span class='ocrx_word' id='word_1_82' title='bbox 1302 1059 1373 1108; x_wconf 87' lang='lat' dir='ltr'>ntis</span> 
     </span>
     <span class='ocr_line' id='line_1_10' title="bbox 275 1134 1371 1201; baseline 0 -15"><span class='ocrx_word' id='word_1_83' title='bbox 275 1142 415 1201; x_wconf 77' lang='lat' dir='ltr'>praetorem</span> <span class='ocrx_word' id='word_1_84' title='bbox 435 1136 523 1199; x_wconf 86' lang='lat' dir='ltr'>inisse,</span> <span class='ocrx_word' id='word_1_85' title='bbox 542 1152 575 1187; x_wconf 88' lang='lat' dir='ltr'>ex</span> <span class='ocrx_word' id='word_1_86' title='bbox 590 1145 706 1187; x_wconf 85' lang='lat' dir='ltr'>veterum</span> <span class='ocrx_word' id='word_1_87' title='bbox 718 1152 804 1187; x_wconf 86' lang='lat' dir='ltr'>runnu-</span> <span class='ocrx_word' id='word_1_88' title='bbox 841 1134 983 1199; x_wconf 73' lang='lat' dir='ltr'>digereret,</span> <span class='ocrx_word' id='word_1_89' title='bbox 1008 1135 1163 1199; x_wconf 77' lang='lat' dir='ltr'>polluetque.</span> <span class='ocrx_word' id='word_1_90' title='bbox 1205 1135 1257 1185; x_wconf 83' lang='lat' dir='ltr'>sed</span> <span class='ocrx_word' id='word_1_91' title='bbox 1278 1137 1371 1199; x_wconf 82' lang='lat' dir='ltr'>Epica-</span> 
     </span>
     <span class='ocr_line' id='line_1_11' title="bbox 274 1209 1371 1278; baseline -0.001 -16"><span class='ocrx_word' id='word_1_92' title='bbox 274 1213 369 1262; x_wconf 74' lang='lat' dir='ltr'>nentis</span> <span class='ocrx_word' id='word_1_93' title='bbox 385 1221 503 1278; x_wconf 79' lang='lat' dir='ltr'>apparet.</span> <span class='ocrx_word' id='word_1_94' title='bbox 528 1215 593 1263; x_wconf 81' lang='lat' dir='ltr'>Voss.</span> <span class='ocrx_word' id='word_1_95' title='bbox 840 1209 898 1272; x_wconf 90' lang='lat' dir='ltr'>dus,</span> <span class='ocrx_word' id='word_1_96' title='bbox 918 1217 948 1259; x_wconf 87' lang='lat' dir='ltr'>ut</span> <span class='ocrx_word' id='word_1_97' title='bbox 967 1209 1056 1270; x_wconf 89' lang='lat' dir='ltr'>credo,</span> <span class='ocrx_word' id='word_1_98' title='bbox 1079 1209 1154 1272; x_wconf 84' lang='lat' dir='ltr'>lecit,</span> <span class='ocrx_word' id='word_1_99' title='bbox 1176 1210 1246 1274; x_wconf 88' lang='lat' dir='ltr'>quod</span> <span class='ocrx_word' id='word_1_100' title='bbox 1269 1211 1371 1273; x_wconf 84' lang='lat' dir='ltr'>potuit:</span> 
     </span>
     <span class='ocr_line' id='line_1_12' title="bbox 306 1285 1370 1353; baseline -0.003 -15"><span class='ocrx_word' id='word_1_101' title='bbox 306 1289 337 1338; x_wconf 77' lang='grc' dir='ltr'>Ι..</span> <span class='ocrx_word' id='word_1_102' title='bbox 347 1287 459 1352; x_wconf 59' lang='grc' dir='ltr'>Μαι]</span> <span class='ocrx_word' id='word_1_103' title='bbox 476 1291 606 1353; x_wconf 75' lang='lat' dir='ltr'>Designat</span> <span class='ocrx_word' id='word_1_104' title='bbox 617 1291 646 1340; x_wconf 81' lang='lat' dir='ltr'>t..</span> <span class='ocrx_word' id='word_1_105' title='bbox 656 1290 803 1341; x_wconf 84' lang='lat' dir='ltr'>Cornelium</span> <span class='ocrx_word' id='word_1_106' title='bbox 839 1286 899 1336; x_wconf 89' lang='lat' dir='ltr'>hinc</span> <span class='ocrx_word' id='word_1_107' title='bbox 912 1286 1020 1335; x_wconf 82' lang='lat' dir='ltr'>Lucullo</span> <span class='ocrx_word' id='word_1_108' title='bbox 1037 1285 1142 1346; x_wconf 89' lang='lat' dir='ltr'>obtulit,</span> <span class='ocrx_word' id='word_1_109' title='bbox 1152 1291 1182 1333; x_wconf 91' lang='lat' dir='ltr'>ut</span> <span class='ocrx_word' id='word_1_110' title='bbox 1192 1285 1214 1334; x_wconf 89' lang='lat' dir='ltr'>is</span> <span class='ocrx_word' id='word_1_111' title='bbox 1226 1299 1370 1348; x_wconf 83' lang='lat' dir='ltr'>supremam</span> 
     </span>
     <span class='ocr_line' id='line_1_13' title="bbox 269 1359 1371 1430; baseline -0.004 -16"><span class='ocrx_word' id='word_1_112' title='bbox 269 1363 416 1426; x_wconf 76' lang='lat' dir='ltr'>Sisennam,</span> <span class='ocrx_word' id='word_1_113' title='bbox 443 1366 488 1430; x_wconf 92' lang='lat' dir='ltr'>qui</span> <span class='ocrx_word' id='word_1_114' title='bbox 523 1365 697 1415; x_wconf 80' lang='lat' dir='ltr'>Historiarum</span> <span class='ocrx_word' id='word_1_115' title='bbox 724 1365 803 1416; x_wconf 90' lang='lat' dir='ltr'>libros</span> <span class='ocrx_word' id='word_1_116' title='bbox 840 1375 943 1412; x_wconf 84' lang='lat' dir='ltr'>menam</span> <span class='ocrx_word' id='word_1_117' title='bbox 966 1360 1084 1411; x_wconf 86' lang='lat' dir='ltr'>adderet.</span> <span class='ocrx_word' id='word_1_118' title='bbox 1118 1359 1239 1424; x_wconf 79' lang='lat' dir='ltr'>Alioquin</span> <span class='ocrx_word' id='word_1_119' title='bbox 1260 1361 1371 1424; x_wconf 84' lang='lat' dir='ltr'>Epicadi</span> 
     </span>
     <span class='ocr_line' id='line_1_14' title="bbox 272 1437 1370 1507; baseline -0.002 -17"><span class='ocrx_word' id='word_1_120' title='bbox 272 1453 343 1492; x_wconf 81' lang='lat' dir='ltr'>mr.</span> <span class='ocrx_word' id='word_1_121' title='bbox 362 1442 526 1505; x_wconf 84' lang='lat' dir='ltr'>conscripsit,</span> <span class='ocrx_word' id='word_1_122' title='bbox 542 1443 639 1507; x_wconf 83' lang='lat' dir='ltr'>quique</span> <span class='ocrx_word' id='word_1_123' title='bbox 658 1442 764 1492; x_wconf 83' lang='lat' dir='ltr'>Sisenna</span> <span class='ocrx_word' id='word_1_124' title='bbox 774 1443 802 1492; x_wconf 92' lang='lat' dir='ltr'>iu</span> <span class='ocrx_word' id='word_1_125' title='bbox 840 1447 964 1504; x_wconf 84' lang='lat' dir='ltr'>tauquam</span> <span class='ocrx_word' id='word_1_126' title='bbox 985 1438 1070 1489; x_wconf 87' lang='lat' dir='ltr'>idonei</span> <span class='ocrx_word' id='word_1_127' title='bbox 1092 1437 1206 1487; x_wconf 83' lang='lat' dir='ltr'>auctoris</span> <span class='ocrx_word' id='word_1_128' title='bbox 1228 1438 1370 1488; x_wconf 79' lang='lat' dir='ltr'>meminere</span> 
     </span>
     <span class='ocr_line' id='line_1_15' title="bbox 268 1514 1371 1582; baseline 0 -16"><span class='ocrx_word' id='word_1_129' title='bbox 268 1530 346 1568; x_wconf 61' lang='lat' dir='ltr'>:nea</span> <span class='ocrx_word' id='word_1_130' title='bbox 360 1518 428 1582; x_wconf 83' lang='lat' dir='ltr'>apud</span> <span class='ocrx_word' id='word_1_131' title='bbox 443 1534 485 1567; x_wconf 86' lang='lat' dir='ltr'>me</span> <span class='ocrx_word' id='word_1_132' title='bbox 502 1517 599 1567; x_wconf 80' lang='lat' dir='ltr'>tubelle</span> <span class='ocrx_word' id='word_1_133' title='bbox 616 1519 719 1568; x_wconf 75' lang='lat' dir='ltr'>Praetor</span> <span class='ocrx_word' id='word_1_134' title='bbox 734 1519 803 1570; x_wconf 88' lang='lat' dir='ltr'>iuter</span> <span class='ocrx_word' id='word_1_135' title='bbox 839 1514 1371 1580; x_wconf 80' lang='lat' dir='ltr'>Victorinus,Charisius,Macrobinsque.</span> 
     </span>
     <span class='ocr_line' id='line_1_16' title="bbox 271 1593 910 1658; baseline 0.003 -16"><span class='ocrx_word' id='word_1_136' title='bbox 271 1593 343 1643; x_wconf 81' lang='lat' dir='ltr'>circs</span> <span class='ocrx_word' id='word_1_137' title='bbox 364 1603 391 1644; x_wconf 88' lang='lat' dir='ltr'>et</span> <span class='ocrx_word' id='word_1_138' title='bbox 413 1594 562 1658; x_wconf 75' lang='lat' dir='ltr'>peregrinos</span> <span class='ocrx_word' id='word_1_139' title='bbox 585 1594 741 1646; x_wconf 75' lang='lat' dir='ltr'>describitur</span> <span class='ocrx_word' id='word_1_140' title='bbox 763 1596 802 1647; x_wconf 82' lang='lat' dir='ltr'>tu.</span> <span class='ocrx_word' id='word_1_141' title='bbox 843 1595 910 1645; x_wconf 82' lang='lat' dir='ltr'>Voss.</span> 
     </span>
     <span class='ocr_line' id='line_1_17' title="bbox 268 1669 1370 1736; baseline 0.001 -17"><span class='ocrx_word' id='word_1_142' title='bbox 268 1669 379 1732; x_wconf 64' lang='lat' dir='ltr'>lapido,</span> <span class='ocrx_word' id='word_1_143' title='bbox 396 1671 423 1723; x_wconf 78' lang='lat' dir='ltr'>Q</span> <span class='ocrx_word' id='word_1_144' title='bbox 442 1671 633 1722; x_wconf 66' lang='lat' dir='ltr'>Catalacum:</span> <span class='ocrx_word' id='word_1_145' title='bbox 651 1672 724 1736; x_wconf 88' lang='lat' dir='ltr'>cnjus</span> <span class='ocrx_word' id='word_1_146' title='bbox 734 1671 801 1722; x_wconf 84' lang='lat' dir='ltr'>iilius</span> <span class='ocrx_word' id='word_1_147' title='bbox 871 1673 963 1723; x_wconf 68' lang='lat' dir='ltr'>literis</span> <span class='ocrx_word' id='word_1_148' title='bbox 974 1672 1155 1733; x_wconf 74' lang='lat' dir='ltr'>Gracisjastu</span> <span class='ocrx_word' id='word_1_149' title='bbox 1171 1677 1240 1735; x_wconf 81' lang='lat' dir='ltr'>ctqaoe</span> <span class='ocrx_word' id='word_1_150' title='bbox 1256 1670 1370 1720; x_wconf 64' lang='grc' dir='ltr'>Μία·</span> 
     </span>
     <span class='ocr_line' id='line_1_18' title="bbox 270 1746 1371 1813; baseline 0 -16"><span class='ocrx_word' id='word_1_151' title='bbox 270 1746 319 1797; x_wconf 82' lang='lat' dir='ltr'>ca</span> <span class='ocrx_word' id='word_1_152' title='bbox 330 1747 466 1798; x_wconf 86' lang='lat' dir='ltr'>Cornelius</span> <span class='ocrx_word' id='word_1_153' title='bbox 483 1748 591 1796; x_wconf 83' lang='lat' dir='ltr'>Sisenna</span> <span class='ocrx_word' id='word_1_154' title='bbox 602 1747 712 1798; x_wconf 85' lang='lat' dir='ltr'>habetur</span> <span class='ocrx_word' id='word_1_155' title='bbox 726 1747 752 1796; x_wconf 88' lang='lat' dir='ltr'>in</span> <span class='ocrx_word' id='word_1_156' title='bbox 763 1761 802 1797; x_wconf 86' lang='lat' dir='ltr'>ar·</span> <span class='ocrx_word' id='word_1_157' title='bbox 838 1748 887 1812; x_wconf 81' lang='lat' dir='ltr'>sae]</span> <span class='ocrx_word' id='word_1_158' title='bbox 910 1750 942 1799; x_wconf 91' lang='lat' dir='ltr'>ln</span> <span class='ocrx_word' id='word_1_159' title='bbox 954 1750 1011 1799; x_wconf 86' lang='lat' dir='ltr'>eliis</span> <span class='ocrx_word' id='word_1_160' title='bbox 1022 1749 1094 1798; x_wconf 88' lang='lat' dir='ltr'>libris</span> <span class='ocrx_word' id='word_1_161' title='bbox 1107 1755 1184 1799; x_wconf 79' lang='lat' dir='ltr'>vacat</span> <span class='ocrx_word' id='word_1_162' title='bbox 1194 1754 1272 1813; x_wconf 78' lang='lat' dir='ltr'>cique.</span> <span class='ocrx_word' id='word_1_163' title='bbox 1296 1748 1371 1797; x_wconf 82' lang='lat' dir='ltr'>Cieo-</span> 
     </span>
     <span class='ocr_line' id='line_1_19' title="bbox 270 1823 937 1888; baseline 0.004 -15"><span class='ocrx_word' id='word_1_164' title='bbox 270 1824 370 1887; x_wconf 69' lang='lat' dir='ltr'>penteis</span> <span class='ocrx_word' id='word_1_165' title='bbox 380 1823 490 1873; x_wconf 88' lang='lat' dir='ltr'>denariis</span> <span class='ocrx_word' id='word_1_166' title='bbox 500 1839 557 1873; x_wconf 83' lang='lat' dir='ltr'>curn</span> <span class='ocrx_word' id='word_1_167' title='bbox 570 1824 737 1888; x_wconf 87' lang='lat' dir='ltr'>inscriptione</span> <span class='ocrx_word' id='word_1_168' title='bbox 749 1825 800 1874; x_wconf 81' lang='lat' dir='ltr'>Cu.</span> <span class='ocrx_word' id='word_1_169' title='bbox 838 1827 937 1876; x_wconf 85' lang='lat' dir='ltr'>conius.</span> 
     </span>
     <span class='ocr_line' id='line_1_20' title="bbox 270 1900 1372 1965; baseline 0.002 -17"><span class='ocrx_word' id='word_1_170' title='bbox 270 1900 392 1950; x_wconf 73' lang='lat' dir='ltr'>coaunn</span> <span class='ocrx_word' id='word_1_171' title='bbox 405 1901 436 1949; x_wconf 80' lang='grc' dir='ltr'>Ι..</span> <span class='ocrx_word' id='word_1_172' title='bbox 448 1902 477 1950; x_wconf 80' lang='lat' dir='ltr'>F.</span> <span class='ocrx_word' id='word_1_173' title='bbox 487 1901 599 1961; x_wconf 68' lang='lat' dir='ltr'>Susarri,</span> <span class='ocrx_word' id='word_1_174' title='bbox 615 1900 692 1948; x_wconf 88' lang='lat' dir='ltr'>unico</span> <span class='ocrx_word' id='word_1_175' title='bbox 705 1912 721 1947; x_wconf 89' lang='lat' dir='ltr'>n</span> <span class='ocrx_word' id='word_1_176' title='bbox 735 1901 801 1948; x_wconf 88' lang='lat' dir='ltr'>suti·</span> <span class='ocrx_word' id='word_1_177' title='bbox 872 1904 929 1953; x_wconf 71' lang='lat' dir='ltr'>otia</span> <span class='ocrx_word' id='word_1_178' title='bbox 939 1904 1058 1954; x_wconf 64' lang='lat' dir='ltr'>luerim</span> <span class='ocrx_word' id='word_1_179' title='bbox 1069 1917 1127 1965; x_wconf 74' lang='lat' dir='ltr'>ene,</span> <span class='ocrx_word' id='word_1_180' title='bbox 1140 1907 1220 1952; x_wconf 74' lang='lat' dir='ltr'>sesses</span> <span class='ocrx_word' id='word_1_181' title='bbox 1230 1902 1259 1950; x_wconf 82' lang='lat' dir='ltr'>ab</span> <span class='ocrx_word' id='word_1_182' title='bbox 1270 1901 1372 1963; x_wconf 71' lang='lat' dir='ltr'>negotiis</span> 
     </span>
     <span class='ocr_line' id='line_1_21' title="bbox 268 1975 1370 2042; baseline 0.001 -19"><span class='ocrx_word' id='word_1_183' title='bbox 268 1986 328 2038; x_wconf 77' lang='lat' dir='ltr'>que.</span> <span class='ocrx_word' id='word_1_184' title='bbox 349 1975 428 2023; x_wconf 76' lang='lat' dir='ltr'>Uraia.</span> <span class='ocrx_word' id='word_1_185' title='bbox 695 1994 701 2005; x_wconf 92' lang='lat'><strong>·</strong></span> <span class='ocrx_word' id='word_1_186' title='bbox 837 1993 963 2042; x_wconf 71' lang='lat' dir='ltr'>numquam</span> <span class='ocrx_word' id='word_1_187' title='bbox 974 1981 1142 2041; x_wconf 68' lang='lat' dir='ltr'>aemulantes</span> <span class='ocrx_word' id='word_1_188' title='bbox 1153 1977 1280 2039; x_wconf 77' lang='lat' dir='ltr'>remorata]</span> <span class='ocrx_word' id='word_1_189' title='bbox 1297 1977 1370 2036; x_wconf 78' lang='lat' dir='ltr'>Earn,</span> 
     </span>
     <span class='ocr_line' id='line_1_22' title="bbox 302 2049 1372 2115; baseline -0.001 -15"><span class='ocrx_word' id='word_1_190' title='bbox 302 2050 384 2112; x_wconf 66' lang='lat' dir='ltr'>igitar</span> <span class='ocrx_word' id='word_1_191' title='bbox 404 2049 472 2098; x_wconf 81' lang='lat' dir='ltr'>Sallu</span> <span class='ocrx_word' id='word_1_192' title='bbox 490 2051 600 2112; x_wconf 69' lang='lat' dir='ltr'>patricie</span> <span class='ocrx_word' id='word_1_193' title='bbox 617 2053 698 2112; x_wconf 75' lang='lat' dir='ltr'>gentis</span> <span class='ocrx_word' id='word_1_194' title='bbox 715 2051 801 2101; x_wconf 76' lang='lat' dir='ltr'>nobilis</span> <span class='ocrx_word' id='word_1_195' title='bbox 837 2055 997 2102; x_wconf 82' lang='lat' dir='ltr'>nuuhahent</span> <span class='ocrx_word' id='word_1_196' title='bbox 1012 2053 1171 2115; x_wconf 71' lang='lat' dir='ltr'>exemplaria</span> <span class='ocrx_word' id='word_1_197' title='bbox 1191 2052 1216 2100; x_wconf 94' lang='lat' dir='ltr'>in</span> <span class='ocrx_word' id='word_1_198' title='bbox 1238 2066 1372 2114; x_wconf 75' lang='lat' dir='ltr'>pergenae-</span> 
     </span>
     <span class='ocr_line' id='line_1_23' title="bbox 262 2123 1370 2193; baseline 0.003 -18"><span class='ocrx_word' id='word_1_199' title='bbox 262 2123 328 2188; x_wconf 61' lang='grc' dir='ltr'>Μ]</span> <span class='ocrx_word' id='word_1_200' title='bbox 343 2124 377 2175; x_wconf 78' lang='lat' dir='ltr'>&#39;rb</span> <span class='ocrx_word' id='word_1_201' title='bbox 389 2125 474 2174; x_wconf 81' lang='lat' dir='ltr'>solitis</span> <span class='ocrx_word' id='word_1_202' title='bbox 489 2126 647 2190; x_wconf 86' lang='lat' dir='ltr'>ejiciendum</span> <span class='ocrx_word' id='word_1_203' title='bbox 663 2134 750 2176; x_wconf 86' lang='lat' dir='ltr'>monet</span> <span class='ocrx_word' id='word_1_204' title='bbox 762 2134 799 2176; x_wconf 87' lang='lat' dir='ltr'>te·</span> <span class='ocrx_word' id='word_1_205' title='bbox 837 2128 876 2175; x_wconf 86' lang='lat' dir='ltr'>uis</span> <span class='ocrx_word' id='word_1_206' title='bbox 898 2127 1039 2193; x_wconf 87' lang='lat' dir='ltr'>descripta,</span> <span class='ocrx_word' id='word_1_207' title='bbox 1062 2142 1147 2191; x_wconf 88' lang='lat' dir='ltr'>neque</span> <span class='ocrx_word' id='word_1_208' title='bbox 1166 2129 1246 2177; x_wconf 85' lang='lat' dir='ltr'>ceteri</span> <span class='ocrx_word' id='word_1_209' title='bbox 1266 2129 1370 2178; x_wconf 82' lang='lat' dir='ltr'>codices</span> 
     </span>
     <span class='ocr_line' id='line_1_24' title="bbox 266 2202 1369 2267; baseline -0.003 -13"><span class='ocrx_word' id='word_1_210' title='bbox 266 2202 795 2267; x_wconf 70' lang='lat' dir='ltr'>aarontionia,etservins,qni2siocitat:</span> <span class='ocrx_word' id='word_1_211' title='bbox 836 2205 999 2265; x_wconf 82' lang='lat' dir='ltr'>vetustiores,</span> <span class='ocrx_word' id='word_1_212' title='bbox 1026 2210 1054 2253; x_wconf 92' lang='lat' dir='ltr'>et</span> <span class='ocrx_word' id='word_1_213' title='bbox 1081 2204 1177 2252; x_wconf 83' lang='lat' dir='ltr'>rectius</span> <span class='ocrx_word' id='word_1_214' title='bbox 1204 2203 1369 2265; x_wconf 73' lang='lat' dir='ltr'>subauditur,</span> 
     </span>
     <span class='ocr_line' id='line_1_25' title="bbox 267 2277 1085 2343; baseline -0.006 -14"><span class='ocrx_word' id='word_1_215' title='bbox 267 2279 276 2307; x_wconf 91' lang='lat'>‘</span> <span class='ocrx_word' id='word_1_216' title='bbox 290 2277 375 2342; x_wconf 71' lang='lat' dir='ltr'>igiter</span> <span class='ocrx_word' id='word_1_217' title='bbox 384 2280 457 2327; x_wconf 86' lang='lat' dir='ltr'>Sulla</span> <span class='ocrx_word' id='word_1_218' title='bbox 468 2279 583 2343; x_wconf 72' lang='lat' dir='ltr'>petricia</span> <span class='ocrx_word' id='word_1_219' title='bbox 596 2281 679 2343; x_wconf 80' lang='lat' dir='ltr'>gentis</span> <span class='ocrx_word' id='word_1_220' title='bbox 691 2278 750 2343; x_wconf 86' lang='lat' dir='ltr'>init,</span> <span class='ocrx_word' id='word_1_221' title='bbox 760 2281 798 2330; x_wconf 84' lang='lat' dir='ltr'>fa·</span> <span class='ocrx_word' id='word_1_222' title='bbox 836 2292 912 2342; x_wconf 78' lang='lat' dir='ltr'>quan</span> <span class='ocrx_word' id='word_1_223' title='bbox 920 2277 1085 2341; x_wconf 84' lang='lat' dir='ltr'>exprimitur.</span> 
     </span>
     <span class='ocr_line' id='line_1_26' title="bbox 267 2352 1368 2420; baseline 0 -17"><span class='ocrx_word' id='word_1_224' title='bbox 267 2352 340 2403; x_wconf 80' lang='lat' dir='ltr'>atille</span> <span class='ocrx_word' id='word_1_225' title='bbox 344 2353 400 2415; x_wconf 85' lang='lat' dir='ltr'>jam</span> <span class='ocrx_word' id='word_1_226' title='bbox 409 2353 538 2403; x_wconf 83' lang='lat' dir='ltr'>exstincta</span> <span class='ocrx_word' id='word_1_227' title='bbox 547 2355 670 2417; x_wconf 78' lang='lat' dir='ltr'>majorum</span> <span class='ocrx_word' id='word_1_228' title='bbox 678 2355 798 2420; x_wconf 67' lang='lat' dir='ltr'>igmvla!</span> <span class='ocrx_word' id='word_1_229' title='bbox 868 2355 951 2403; x_wconf 77' lang='lat' dir='ltr'>Potuit</span> <span class='ocrx_word' id='word_1_230' title='bbox 969 2355 1087 2403; x_wconf 60' lang='lat' dir='ltr'>maias</span> <span class='ocrx_word' id='word_1_231' title='bbox 1100 2352 1201 2417; x_wconf 75' lang='lat' dir='ltr'>consuli]</span> <span class='ocrx_word' id='word_1_232' title='bbox 1222 2353 1293 2402; x_wconf 85' lang='lat' dir='ltr'>Sulla</span> <span class='ocrx_word' id='word_1_233' title='bbox 1308 2366 1368 2403; x_wconf 90' lang='lat' dir='ltr'>cum</span> 
     </span>
     <span class='ocr_line' id='line_1_27' title="bbox 265 2425 1369 2493; baseline -0.001 -16"><span class='ocrx_word' id='word_1_234' title='bbox 265 2425 344 2483; x_wconf 72' lang='lat' dir='ltr'>lusca</span> <span class='ocrx_word' id='word_1_235' title='bbox 372 2429 390 2477; x_wconf 93' lang='lat' dir='ltr'>l.</span> <span class='ocrx_word' id='word_1_236' title='bbox 411 2442 453 2478; x_wconf 87' lang='grc' dir='ltr'><strong>ιιι.</strong></span> <span class='ocrx_word' id='word_1_237' title='bbox 475 2429 657 2480; x_wconf 68' lang='lat' dir='ltr'>historiarum:</span> <span class='ocrx_word' id='word_1_238' title='bbox 675 2430 732 2481; x_wconf 79' lang='lat' dir='ltr'>‘At</span> <span class='ocrx_word' id='word_1_239' title='bbox 749 2433 798 2483; x_wconf 86' lang='lat' dir='ltr'>Cu.</span> <span class='ocrx_word' id='word_1_240' title='bbox 837 2431 949 2480; x_wconf 70' lang='lat' dir='ltr'>decim</span> <span class='ocrx_word' id='word_1_241' title='bbox 961 2430 1070 2479; x_wconf 82' lang='lat' dir='ltr'>Herculi</span> <span class='ocrx_word' id='word_1_242' title='bbox 1085 2431 1186 2478; x_wconf 83' lang='lat' dir='ltr'>solvens</span> <span class='ocrx_word' id='word_1_243' title='bbox 1199 2428 1307 2493; x_wconf 87' lang='lat' dir='ltr'>prandia</span> <span class='ocrx_word' id='word_1_244' title='bbox 1323 2443 1369 2491; x_wconf 90' lang='lat' dir='ltr'>pn·</span> 
     </span>
     <span class='ocr_line' id='line_1_28' title="bbox 267 2502 1368 2571; baseline -0.001 -18"><span class='ocrx_word' id='word_1_245' title='bbox 267 2502 394 2553; x_wconf 74' lang='lat' dir='ltr'>Lentulus</span> <span class='ocrx_word' id='word_1_246' title='bbox 423 2505 540 2568; x_wconf 78' lang='lat' dir='ltr'>patriciae</span> <span class='ocrx_word' id='word_1_247' title='bbox 571 2507 665 2570; x_wconf 77' lang='lat' dir='ltr'>gentis,</span> <span class='ocrx_word' id='word_1_248' title='bbox 699 2507 799 2571; x_wconf 69' lang='lat' dir='ltr'>collega</span> <span class='ocrx_word' id='word_1_249' title='bbox 836 2509 897 2571; x_wconf 89' lang='lat' dir='ltr'>puio</span> <span class='ocrx_word' id='word_1_250' title='bbox 924 2505 1008 2569; x_wconf 87' lang='lat' dir='ltr'>daret,</span> <span class='ocrx_word' id='word_1_251' title='bbox 1029 2505 1165 2555; x_wconf 78' lang='lat' dir='ltr'>Metellum</span> <span class='ocrx_word' id='word_1_252' title='bbox 1187 2518 1293 2554; x_wconf 78' lang='lat' dir='ltr'>uxorem</span> <span class='ocrx_word' id='word_1_253' title='bbox 1312 2504 1368 2567; x_wconf 85' lang='lat' dir='ltr'>jem</span> 
     </span>
     <span class='ocr_line' id='line_1_29' title="bbox 267 2578 1367 2645; baseline 0.001 -18"><span class='ocrx_word' id='word_1_254' title='bbox 267 2578 395 2642; x_wconf 61' lang='lat' dir='ltr'>eiwon.</span> <span class='ocrx_word' id='word_1_255' title='bbox 422 2581 556 2630; x_wconf 81' lang='lat' dir='ltr'>Patachias.</span> <span class='ocrx_word' id='word_1_256' title='bbox 836 2582 945 2631; x_wconf 81' lang='lat' dir='ltr'>animam</span> <span class='ocrx_word' id='word_1_257' title='bbox 966 2588 1086 2645; x_wconf 66' lang='lat' dir='ltr'>agentem</span> <span class='ocrx_word' id='word_1_258' title='bbox 1108 2581 1263 2644; x_wconf 80' lang='lat' dir='ltr'>repudiavit,</span> <span class='ocrx_word' id='word_1_259' title='bbox 1285 2595 1316 2629; x_wconf 86' lang='lat' dir='ltr'>ac</span> <span class='ocrx_word' id='word_1_260' title='bbox 1338 2580 1367 2628; x_wconf 92' lang='lat' dir='ltr'>in</span> 
     </span>
     <span class='ocr_line' id='line_1_30' title="bbox 299 2653 1369 2717; baseline 0.003 -16"><span class='ocrx_word' id='word_1_261' title='bbox 299 2653 404 2702; x_wconf 71' lang='lat' dir='ltr'>Familia</span> <span class='ocrx_word' id='word_1_262' title='bbox 418 2656 556 2716; x_wconf 78' lang='lat' dir='ltr'>propejuna</span> <span class='ocrx_word' id='word_1_263' title='bbox 572 2655 701 2717; x_wconf 59' lang='lat' dir='ltr'>entismo]</span> <span class='ocrx_word' id='word_1_264' title='bbox 730 2656 797 2706; x_wconf 87' lang='lat' dir='ltr'>illud</span> <span class='ocrx_word' id='word_1_265' title='bbox 835 2657 912 2705; x_wconf 84' lang='lat' dir='ltr'>aliam</span> <span class='ocrx_word' id='word_1_266' title='bbox 925 2657 1027 2705; x_wconf 85' lang='lat' dir='ltr'>domurn</span> <span class='ocrx_word' id='word_1_267' title='bbox 1044 2659 1173 2705; x_wconf 82' lang='lat' dir='ltr'>visentem</span> <span class='ocrx_word' id='word_1_268' title='bbox 1186 2657 1269 2705; x_wconf 89' lang='lat' dir='ltr'>adhuc</span> <span class='ocrx_word' id='word_1_269' title='bbox 1288 2665 1369 2705; x_wconf 87' lang='lat' dir='ltr'>trans·</span> 
     </span>
     <span class='ocr_line' id='line_1_31' title="bbox 261 2729 1366 2793; baseline 0.005 -18"><span class='ocrx_word' id='word_1_270' title='bbox 261 2741 345 2792; x_wconf 68' lang='lat' dir='ltr'>paupe,</span> <span class='ocrx_word' id='word_1_271' title='bbox 362 2729 503 2776; x_wconf 81' lang='lat' dir='ltr'>nonhabet</span> <span class='ocrx_word' id='word_1_272' title='bbox 515 2729 628 2789; x_wconf 84' lang='lat' dir='ltr'>Servius,</span> <span class='ocrx_word' id='word_1_273' title='bbox 647 2731 691 2792; x_wconf 91' lang='lat' dir='ltr'>qui</span> <span class='ocrx_word' id='word_1_274' title='bbox 701 2731 798 2780; x_wconf 79' lang='lat' dir='ltr'>Sallus·</span> <span class='ocrx_word' id='word_1_275' title='bbox 835 2729 897 2779; x_wconf 77' lang='lat' dir='ltr'>ferri</span> <span class='ocrx_word' id='word_1_276' title='bbox 911 2731 998 2793; x_wconf 83' lang='lat' dir='ltr'>jussit,</span> <span class='ocrx_word' id='word_1_277' title='bbox 1018 2732 1097 2793; x_wconf 89' lang='lat' dir='ltr'>idque</span> <span class='ocrx_word' id='word_1_278' title='bbox 1116 2729 1179 2778; x_wconf 75' lang='lat' dir='ltr'>iecit</span> <span class='ocrx_word' id='word_1_279' title='bbox 1199 2731 1314 2778; x_wconf 88' lang='lat' dir='ltr'>hortatus</span> <span class='ocrx_word' id='word_1_280' title='bbox 1333 2731 1366 2780; x_wconf 88' lang='lat' dir='ltr'>ab</span> 
     </span>
     <span class='ocr_line' id='line_1_32' title="bbox 265 2801 1368 2869; baseline -0.003 -16"><span class='ocrx_word' id='word_1_281' title='bbox 265 2801 296 2853; x_wconf 79' lang='lat' dir='ltr'>ui</span> <span class='ocrx_word' id='word_1_282' title='bbox 307 2803 392 2852; x_wconf 90' lang='lat' dir='ltr'>locum</span> <span class='ocrx_word' id='word_1_283' title='bbox 403 2804 469 2852; x_wconf 83' lang='lat' dir='ltr'>citat</span> <span class='ocrx_word' id='word_1_284' title='bbox 486 2805 502 2852; x_wconf 96' lang='lat' dir='ltr'>l.</span> <span class='ocrx_word' id='word_1_285' title='bbox 514 2816 563 2852; x_wconf 84' lang='lat' dir='ltr'>vn.</span> <span class='ocrx_word' id='word_1_286' title='bbox 574 2803 675 2854; x_wconf 79' lang='lat' dir='ltr'>AEneid.</span> <span class='ocrx_word' id='word_1_287' title='bbox 686 2818 734 2853; x_wconf 78' lang='lat' dir='ltr'>nec</span> <span class='ocrx_word' id='word_1_288' title='bbox 751 2806 798 2853; x_wconf 83' lang='lat' dir='ltr'>Ta·</span> <span class='ocrx_word' id='word_1_289' title='bbox 834 2807 932 2867; x_wconf 86' lang='lat' dir='ltr'>amicis,</span> <span class='ocrx_word' id='word_1_290' title='bbox 947 2821 980 2854; x_wconf 92' lang='lat' dir='ltr'>ne</span> <span class='ocrx_word' id='word_1_291' title='bbox 992 2809 1137 2869; x_wconf 85' lang='lat' dir='ltr'>uoluptates</span> <span class='ocrx_word' id='word_1_292' title='bbox 1147 2806 1368 2868; x_wconf 69' lang='lat' dir='ltr'>interrumperen-</span> 
     </span>
     <span class='ocr_line' id='line_1_33' title="bbox 264 2878 1364 2945; baseline 0.003 -15"><span class='ocrx_word' id='word_1_293' title='bbox 264 2878 342 2942; x_wconf 70' lang='lat' dir='ltr'>oe‘tus,</span> <span class='ocrx_word' id='word_1_294' title='bbox 359 2880 402 2944; x_wconf 91' lang='lat' dir='ltr'>qui</span> <span class='ocrx_word' id='word_1_295' title='bbox 415 2881 433 2929; x_wconf 90' lang='lat' dir='ltr'>l.</span> <span class='ocrx_word' id='word_1_296' title='bbox 446 2894 484 2930; x_wconf 87' lang='lat' dir='ltr'>tv.</span> <span class='ocrx_word' id='word_1_297' title='bbox 494 2880 546 2930; x_wconf 87' lang='lat' dir='ltr'>ait:</span> <span class='ocrx_word' id='word_1_298' title='bbox 565 2879 674 2944; x_wconf 86' lang='lat' dir='ltr'>‘thue</span> <span class='ocrx_word' id='word_1_299' title='bbox 691 2879 796 2930; x_wconf 79' lang='lat' dir='ltr'>familia</span> <span class='ocrx_word' id='word_1_300' title='bbox 835 2889 884 2931; x_wconf 88' lang='lat' dir='ltr'>tur.</span> <span class='ocrx_word' id='word_1_301' title='bbox 919 2882 1068 2945; x_wconf 72' lang='lat' dir='ltr'>iincipitur</span> <span class='ocrx_word' id='word_1_302' title='bbox 1084 2881 1195 2931; x_wconf 85' lang='lat' dir='ltr'>fortasse</span> <span class='ocrx_word' id='word_1_303' title='bbox 1207 2881 1364 2944; x_wconf 77' lang='lat' dir='ltr'>significavit</span> 
     </span>
     <span class='ocr_line' id='line_1_34' title="bbox 264 2956 1366 3023; baseline -0.001 -17"><span class='ocrx_word' id='word_1_304' title='bbox 264 2956 393 3021; x_wconf 77' lang='lat' dir='ltr'>ipsaejaus</span> <span class='ocrx_word' id='word_1_305' title='bbox 404 2958 541 3007; x_wconf 79' lang='lat' dir='ltr'>asstiuctae</span> <span class='ocrx_word' id='word_1_306' title='bbox 553 2959 614 3019; x_wconf 91' lang='lat' dir='ltr'>sint,</span> <span class='ocrx_word' id='word_1_307' title='bbox 626 2958 741 3021; x_wconf 84' lang='lat' dir='ltr'>reperies</span> <span class='ocrx_word' id='word_1_308' title='bbox 753 2960 796 3023; x_wconf 90' lang='lat' dir='ltr'>qni</span> <span class='ocrx_word' id='word_1_309' title='bbox 833 2958 968 3006; x_wconf 84' lang='lat' dir='ltr'>Sallustius</span> <span class='ocrx_word' id='word_1_310' title='bbox 980 2958 1028 3006; x_wconf 89' lang='lat' dir='ltr'>hoc</span> <span class='ocrx_word' id='word_1_311' title='bbox 1040 2959 1114 3006; x_wconf 86' lang='lat' dir='ltr'>ioco:</span> <span class='ocrx_word' id='word_1_312' title='bbox 1133 2958 1173 3005; x_wconf 88' lang='lat' dir='ltr'>vel</span> <span class='ocrx_word' id='word_1_313' title='bbox 1189 2958 1275 3020; x_wconf 84' lang='lat' dir='ltr'>potius</span> <span class='ocrx_word' id='word_1_314' title='bbox 1291 2958 1366 3018; x_wconf 88' lang='lat' dir='ltr'>iliud,</span> 
     </span>
     <span class='ocr_line' id='line_1_35' title="bbox 265 3032 1367 3100; baseline -0.002 -16"><span class='ocrx_word' id='word_1_315' title='bbox 265 3032 300 3085; x_wconf 86' lang='lat' dir='ltr'>ub</span> <span class='ocrx_word' id='word_1_316' title='bbox 311 3033 506 3083; x_wconf 83' lang='lat' dir='ltr'>similitudinem</span> <span class='ocrx_word' id='word_1_317' title='bbox 525 3049 621 3083; x_wconf 87' lang='lat' dir='ltr'>morum</span> <span class='ocrx_word' id='word_1_318' title='bbox 634 3034 796 3085; x_wconf 79' lang='lat' dir='ltr'>alicaciacta</span> <span class='ocrx_word' id='word_1_319' title='bbox 833 3035 901 3100; x_wconf 88' lang='lat' dir='ltr'>qnod</span> <span class='ocrx_word' id='word_1_320' title='bbox 912 3036 984 3085; x_wconf 84' lang='lat' dir='ltr'>Sulla</span> <span class='ocrx_word' id='word_1_321' title='bbox 994 3035 1124 3084; x_wconf 87' lang='lat' dir='ltr'>Valeriam</span> <span class='ocrx_word' id='word_1_322' title='bbox 1142 3035 1167 3083; x_wconf 87' lang='lat' dir='ltr'>ia</span> <span class='ocrx_word' id='word_1_323' title='bbox 1180 3037 1280 3083; x_wconf 85' lang='lat' dir='ltr'>theatro</span> <span class='ocrx_word' id='word_1_324' title='bbox 1290 3035 1367 3084; x_wconf 81' lang='lat' dir='ltr'>lasci·</span> 
     </span>
     <span class='ocr_line' id='line_1_36' title="bbox 264 3102 1366 3175; baseline 0.002 -15"><span class='ocrx_word' id='word_1_325' title='bbox 264 3109 449 3175; x_wconf 80' lang='lat' dir='ltr'>sibiohjectari</span> <span class='ocrx_word' id='word_1_326' title='bbox 461 3111 573 3175; x_wconf 66' lang='lat' dir='ltr'>patent!</span> <span class='ocrx_word' id='word_1_327' title='bbox 594 3113 704 3162; x_wconf 75' lang='lat' dir='ltr'>Ursinus.</span> <span class='ocrx_word' id='word_1_328' title='bbox 833 3128 865 3162; x_wconf 86' lang='lat' dir='ltr'>ve</span> <span class='ocrx_word' id='word_1_329' title='bbox 887 3102 962 3162; x_wconf 73' lang='lat' dir='ltr'>diruis</span> <span class='ocrx_word' id='word_1_330' title='bbox 989 3111 1163 3162; x_wconf 83' lang='lat' dir='ltr'>blandientem</span> <span class='ocrx_word' id='word_1_331' title='bbox 1187 3111 1237 3160; x_wconf 91' lang='lat' dir='ltr'>sibi</span> <span class='ocrx_word' id='word_1_332' title='bbox 1259 3124 1366 3162; x_wconf 79' lang='lat' dir='ltr'>uxorem</span> 
     </span>
     <span class='ocr_line' id='line_1_37' title="bbox 297 3185 1291 3249; baseline 0.002 -15"><span class='ocrx_word' id='word_1_333' title='bbox 297 3185 379 3247; x_wconf 70' lang='lat' dir='ltr'>Igitur</span> <span class='ocrx_word' id='word_1_334' title='bbox 400 3186 467 3248; x_wconf 81' lang='lat' dir='ltr'>Syllo</span> <span class='ocrx_word' id='word_1_335' title='bbox 486 3187 596 3249; x_wconf 74' lang='lat' dir='ltr'>patriciae</span> <span class='ocrx_word' id='word_1_336' title='bbox 614 3189 696 3249; x_wconf 71' lang='lat' dir='ltr'>gestis</span> <span class='ocrx_word' id='word_1_337' title='bbox 714 3189 797 3237; x_wconf 77' lang='lat' dir='ltr'>achilla</span> <span class='ocrx_word' id='word_1_338' title='bbox 832 3189 917 3239; x_wconf 80' lang='lat' dir='ltr'>duxit.</span> <span class='ocrx_word' id='word_1_339' title='bbox 949 3189 1016 3238; x_wconf 86' lang='lat' dir='ltr'>Vide</span> <span class='ocrx_word' id='word_1_340' title='bbox 1029 3189 1204 3237; x_wconf 84' lang='lat' dir='ltr'>Plutarchum.</span> <span class='ocrx_word' id='word_1_341' title='bbox 1223 3188 1291 3236; x_wconf 71' lang='lat' dir='ltr'>cmc.</span> 
     </span>
     <span class='ocr_line' id='line_1_38' title="bbox 258 3259 1367 3329; baseline 0.004 -21"><span class='ocrx_word' id='word_1_342' title='bbox 258 3259 324 3322; x_wconf 80' lang='lat' dir='ltr'>seit]</span> <span class='ocrx_word' id='word_1_343' title='bbox 342 3262 533 3324; x_wconf 84' lang='lat' dir='ltr'>Manuaeripta,</span> <span class='ocrx_word' id='word_1_344' title='bbox 554 3264 795 3327; x_wconf 75' lang='lat' dir='ltr'>sicutetinapressa</span> <span class='ocrx_word' id='word_1_345' title='bbox 865 3265 1081 3329; x_wconf 76' lang='lat' dir='ltr'>Asaicitinsaeiiis]</span> <span class='ocrx_word' id='word_1_346' title='bbox 1110 3267 1162 3315; x_wconf 86' lang='grc' dir='ltr'>Μι.</span> <span class='ocrx_word' id='word_1_347' title='bbox 1182 3264 1260 3313; x_wconf 80' lang='lat' dir='ltr'>verbo</span> <span class='ocrx_word' id='word_1_348' title='bbox 1280 3271 1367 3327; x_wconf 72' lang='lat' dir='ltr'>auget,</span> 
     </span>
     <span class='ocr_line' id='line_1_39' title="bbox 262 3333 1367 3403; baseline 0.004 -19"><span class='ocrx_word' id='word_1_349' title='bbox 262 3333 327 3396; x_wconf 76' lang='lat' dir='ltr'>fers,</span> <span class='ocrx_word' id='word_1_350' title='bbox 345 3337 426 3396; x_wconf 74' lang='lat' dir='ltr'>gnatia</span> <span class='ocrx_word' id='word_1_351' title='bbox 441 3340 570 3397; x_wconf 75' lang='lat' dir='ltr'>patricioe5</span> <span class='ocrx_word' id='word_1_352' title='bbox 587 3349 616 3388; x_wconf 85' lang='lat' dir='ltr'>ut</span> <span class='ocrx_word' id='word_1_353' title='bbox 635 3340 794 3403; x_wconf 82' lang='lat' dir='ltr'>adjectivum</span> <span class='ocrx_word' id='word_1_354' title='bbox 832 3345 900 3393; x_wconf 73' lang='lat' dir='ltr'>dila</span> <span class='ocrx_word' id='word_1_355' title='bbox 921 3350 944 3392; x_wconf 79' lang='lat' dir='ltr'>et</span> <span class='ocrx_word' id='word_1_356' title='bbox 965 3341 1186 3400; x_wconf 63' lang='lat' dir='ltr'>calamentis:</span> <span class='ocrx_word' id='word_1_357' title='bbox 1205 3340 1231 3388; x_wconf 89' lang='lat' dir='ltr'>id</span> <span class='ocrx_word' id='word_1_358' title='bbox 1252 3340 1367 3403; x_wconf 82' lang='lat' dir='ltr'>postulat</span> 
     </span>
     <span class='ocr_line' id='line_1_40' title="bbox 261 3410 1085 3483; baseline -0.002 -16"><span class='ocrx_word' id='word_1_359' title='bbox 261 3417 393 3476; x_wconf 60' lang='lat' dir='ltr'>mimili-</span> <span class='ocrx_word' id='word_1_360' title='bbox 413 3410 506 3458; x_wconf 49' lang='lat' dir='ltr'>Riihl·</span> <span class='ocrx_word' id='word_1_361' title='bbox 833 3420 933 3483; x_wconf 81' lang='lat' dir='ltr'>copula.</span> <span class='ocrx_word' id='word_1_362' title='bbox 953 3419 1085 3467; x_wconf 76' lang='lat' dir='ltr'>Pstschias.</span> 
     </span>
     <span class='ocr_line' id='line_1_41' title="bbox 295 3486 1366 3554; baseline 0.003 -16"><span class='ocrx_word' id='word_1_363' title='bbox 295 3488 386 3538; x_wconf 67' lang='lat' dir='ltr'>literis</span> <span class='ocrx_word' id='word_1_364' title='bbox 407 3487 510 3550; x_wconf 72' lang='lat' dir='ltr'>Gracia]</span> <span class='ocrx_word' id='word_1_365' title='bbox 543 3486 568 3534; x_wconf 89' lang='lat' dir='ltr'>ls</span> <span class='ocrx_word' id='word_1_366' title='bbox 589 3489 666 3536; x_wconf 84' lang='lat' dir='ltr'>etiarn</span> <span class='ocrx_word' id='word_1_367' title='bbox 689 3490 795 3554; x_wconf 75' lang='lat' dir='ltr'>reliquit</span> <span class='ocrx_word' id='word_1_368' title='bbox 864 3495 974 3543; x_wconf 81' lang='lat' dir='ltr'>Altitudo</span> <span class='ocrx_word' id='word_1_369' title='bbox 985 3491 1088 3554; x_wconf 72' lang='lat' dir='ltr'>ingenii]</span> <span class='ocrx_word' id='word_1_370' title='bbox 1104 3490 1240 3540; x_wconf 84' lang='lat' dir='ltr'>Turnebus</span> <span class='ocrx_word' id='word_1_371' title='bbox 1256 3489 1366 3541; x_wconf 75' lang='lat' dir='ltr'>Advers.</span> 
     </span>
     <span class='ocr_line' id='line_1_42' title="bbox 261 3563 1058 3627; baseline 0.009 -14"><span class='ocrx_word' id='word_1_372' title='bbox 261 3563 342 3614; x_wconf 79' lang='lat' dir='ltr'>iihrus</span> <span class='ocrx_word' id='word_1_373' title='bbox 364 3570 607 3626; x_wconf 76' lang='lat' dir='ltr'>rerumgestarum,</span> <span class='ocrx_word' id='word_1_374' title='bbox 629 3578 738 3627; x_wconf 84' lang='lat' dir='ltr'>quorum</span> <span class='ocrx_word' id='word_1_375' title='bbox 760 3580 794 3614; x_wconf 80' lang='lat' dir='ltr'>ux</span> <span class='ocrx_word' id='word_1_376' title='bbox 831 3576 925 3621; x_wconf 78' lang='lat' dir='ltr'>unit.</span> <span class='ocrx_word' id='word_1_377' title='bbox 951 3573 1058 3620; x_wconf 60' lang='lat' dir='ltr'>ciacon.</span> 
     </span>
     <span class='ocr_line' id='line_1_43' title="bbox 261 3637 1366 3710; baseline 0.008 -23"><span class='ocrx_word' id='word_1_378' title='bbox 261 3639 376 3690; x_wconf 65' lang='lat' dir='ltr'>mundo</span> <span class='ocrx_word' id='word_1_379' title='bbox 395 3639 492 3704; x_wconf 86' lang='lat' dir='ltr'>aliquid</span> <span class='ocrx_word' id='word_1_380' title='bbox 504 3637 591 3688; x_wconf 77' lang='lat' dir='ltr'>adfert</span> <span class='ocrx_word' id='word_1_381' title='bbox 602 3639 670 3689; x_wconf 85' lang='lat' dir='ltr'>Geli.</span> <span class='ocrx_word' id='word_1_382' title='bbox 681 3654 701 3689; x_wconf 87' lang='lat'>1.</span> <span class='ocrx_word' id='word_1_383' title='bbox 718 3645 757 3692; x_wconf 74' lang='lat'>12.</span> <span class='ocrx_word' id='word_1_384' title='bbox 767 3649 794 3690; x_wconf 88' lang='lat' dir='ltr'>et</span> <span class='ocrx_word' id='word_1_385' title='bbox 864 3648 942 3710; x_wconf 78' lang='lat' dir='ltr'>Atpae</span> <span class='ocrx_word' id='word_1_386' title='bbox 953 3647 989 3694; x_wconf 81' lang='lat' dir='ltr'>illi</span> <span class='ocrx_word' id='word_1_387' title='bbox 1001 3645 1143 3709; x_wconf 77' lang='lat' dir='ltr'>felicissimo</span> <span class='ocrx_word' id='word_1_388' title='bbox 1154 3645 1256 3694; x_wconf 77' lang='lat' dir='ltr'>omnium</span> <span class='ocrx_word' id='word_1_389' title='bbox 1265 3652 1321 3696; x_wconf 82' lang='lat' dir='ltr'>unte</span> <span class='ocrx_word' id='word_1_390' title='bbox 1332 3648 1366 3697; x_wconf 82' lang='lat' dir='ltr'>ci·</span> 
     </span>
     <span class='ocr_line' id='line_1_44' title="bbox 262 3714 1365 3784; baseline 0.012 -23"><span class='ocrx_word' id='word_1_391' title='bbox 262 3720 345 3768; x_wconf 65' lang='lat' dir='ltr'>mit.</span> <span class='ocrx_word' id='word_1_392' title='bbox 373 3716 409 3763; x_wconf 91' lang='lat' dir='ltr'>lis</span> <span class='ocrx_word' id='word_1_393' title='bbox 419 3716 444 3763; x_wconf 92' lang='lat' dir='ltr'>in</span> <span class='ocrx_word' id='word_1_394' title='bbox 455 3715 527 3764; x_wconf 84' lang='lat' dir='ltr'>libris</span> <span class='ocrx_word' id='word_1_395' title='bbox 538 3714 571 3763; x_wconf 80' lang='lat' dir='ltr'>rie</span> <span class='ocrx_word' id='word_1_396' title='bbox 583 3715 659 3765; x_wconf 90' lang='lat' dir='ltr'>rehns</span> <span class='ocrx_word' id='word_1_397' title='bbox 671 3717 722 3766; x_wconf 90' lang='lat' dir='ltr'>suis</span> <span class='ocrx_word' id='word_1_398' title='bbox 732 3718 794 3781; x_wconf 77' lang='lat' dir='ltr'>egit,</span> <span class='ocrx_word' id='word_1_399' title='bbox 830 3724 899 3772; x_wconf 70' lang='lat' dir='ltr'>nitens</span> <span class='ocrx_word' id='word_1_400' title='bbox 909 3722 1042 3778; x_wconf 65' lang='lat' dir='ltr'>nidenan,</span> <span class='ocrx_word' id='word_1_401' title='bbox 1060 3736 1178 3782; x_wconf 76' lang='lat' dir='ltr'>nunquan</span> <span class='ocrx_word' id='word_1_402' title='bbox 1195 3736 1265 3784; x_wconf 77' lang='lat' dir='ltr'>asper</span> <span class='ocrx_word' id='word_1_403' title='bbox 1283 3725 1365 3774; x_wconf 78' lang='lat' dir='ltr'>indas·</span> 
     </span>
     <span class='ocr_line' id='line_1_45' title="bbox 261 3792 1363 3860; baseline 0.007 -18"><span class='ocrx_word' id='word_1_404' title='bbox 261 3793 406 3845; x_wconf 77' lang='lat' dir='ltr'>Plutarcho</span> <span class='ocrx_word' id='word_1_405' title='bbox 424 3798 491 3841; x_wconf 84' lang='lat' dir='ltr'>toste</span> <span class='ocrx_word' id='word_1_406' title='bbox 510 3792 535 3840; x_wconf 85' lang='lat' dir='ltr'>in</span> <span class='ocrx_word' id='word_1_407' title='bbox 549 3793 701 3843; x_wconf 80' lang='lat' dir='ltr'>vitaSuiloe.</span> <span class='ocrx_word' id='word_1_408' title='bbox 736 3797 793 3845; x_wconf 88' lang='lat' dir='ltr'>Nec</span> <span class='ocrx_word' id='word_1_409' title='bbox 830 3801 904 3850; x_wconf 71' lang='lat' dir='ltr'>trien</span> <span class='ocrx_word' id='word_1_410' title='bbox 916 3798 1085 3860; x_wconf 59' lang='lat' dir='ltr'>salaminii]</span> <span class='ocrx_word' id='word_1_411' title='bbox 1102 3796 1173 3846; x_wconf 84' lang='lat' dir='ltr'>Ante</span> <span class='ocrx_word' id='word_1_412' title='bbox 1191 3798 1295 3848; x_wconf 80' lang='lat' dir='ltr'>civilem</span> <span class='ocrx_word' id='word_1_413' title='bbox 1310 3801 1363 3851; x_wconf 80' lang='lat' dir='ltr'>sic·</span> 
     </span>
     <span class='ocr_line' id='line_1_46' title="bbox 262 3867 1364 3932; baseline 0.014 -19"><span class='ocrx_word' id='word_1_414' title='bbox 262 3869 398 3919; x_wconf 48' lang='lat' dir='ltr'>&amp;nivem</span> <span class='ocrx_word' id='word_1_415' title='bbox 422 3867 507 3929; x_wconf 90' lang='lat' dir='ltr'>potuit</span> <span class='ocrx_word' id='word_1_416' title='bbox 530 3877 613 3918; x_wconf 87' lang='lat' dir='ltr'>morte</span> <span class='ocrx_word' id='word_1_417' title='bbox 636 3878 793 3932; x_wconf 72' lang='lat' dir='ltr'>preventus.</span> <span class='ocrx_word' id='word_1_418' title='bbox 832 3875 1129 3926; x_wconf 76' lang='lat' dir='ltr'>tcriamSullaomuiuru</span> <span class='ocrx_word' id='word_1_419' title='bbox 1146 3873 1364 3929; x_wconf 80' lang='lat' dir='ltr'>fortunatissimus</span> 
     </span>
     <span class='ocr_line' id='line_1_47' title="bbox 260 3944 1363 4017; baseline 0.003 -20"><span class='ocrx_word' id='word_1_420' title='bbox 260 3945 313 3997; x_wconf 67' lang='lat' dir='ltr'>Sd</span> <span class='ocrx_word' id='word_1_421' title='bbox 331 3944 400 4009; x_wconf 76' lang='lat' dir='ltr'>quod</span> <span class='ocrx_word' id='word_1_422' title='bbox 418 3958 465 3991; x_wconf 90' lang='lat' dir='ltr'>nou</span> <span class='ocrx_word' id='word_1_423' title='bbox 486 3944 571 4007; x_wconf 82' lang='lat' dir='ltr'>quivit</span> <span class='ocrx_word' id='word_1_424' title='bbox 588 3946 670 4005; x_wconf 81' lang='lat' dir='ltr'>Sulla,</span> <span class='ocrx_word' id='word_1_425' title='bbox 688 3946 713 3995; x_wconf 90' lang='lat' dir='ltr'>id</span> <span class='ocrx_word' id='word_1_426' title='bbox 730 3946 794 3997; x_wconf 84' lang='lat' dir='ltr'>iecit</span> <span class='ocrx_word' id='word_1_427' title='bbox 831 3952 898 4002; x_wconf 81' lang='lat' dir='ltr'>init:</span> <span class='ocrx_word' id='word_1_428' title='bbox 916 3952 975 4017; x_wconf 90' lang='lat' dir='ltr'>quia</span> <span class='ocrx_word' id='word_1_429' title='bbox 987 3949 1089 4000; x_wconf 77' lang='lat' dir='ltr'>fortuna</span> <span class='ocrx_word' id='word_1_430' title='bbox 1103 3950 1127 3998; x_wconf 89' lang='lat' dir='ltr'>ei</span> <span class='ocrx_word' id='word_1_431' title='bbox 1140 3950 1166 3999; x_wconf 90' lang='lat' dir='ltr'>iu</span> <span class='ocrx_word' id='word_1_432' title='bbox 1178 3952 1294 4000; x_wconf 86' lang='lat' dir='ltr'>omuibus</span> <span class='ocrx_word' id='word_1_433' title='bbox 1305 3966 1363 4014; x_wconf 91' lang='lat' dir='ltr'>pru·</span> 
     </span>
     <span class='ocr_line' id='line_1_48' title="bbox 261 4017 1363 4092; baseline 0.012 -28"><span class='ocrx_word' id='word_1_434' title='bbox 261 4017 371 4068; x_wconf 80' lang='lat' dir='ltr'>ilbertus</span> <span class='ocrx_word' id='word_1_435' title='bbox 381 4018 437 4080; x_wconf 69' lang='lat' dir='ltr'>ejas</span> <span class='ocrx_word' id='word_1_436' title='bbox 446 4017 584 4079; x_wconf 73' lang='lat' dir='ltr'>Epicadus.</span> <span class='ocrx_word' id='word_1_437' title='bbox 616 4019 756 4071; x_wconf 83' lang='lat' dir='ltr'>Suetonius</span> <span class='ocrx_word' id='word_1_438' title='bbox 767 4023 793 4072; x_wconf 92' lang='lat' dir='ltr'>in</span> <span class='ocrx_word' id='word_1_439' title='bbox 832 4029 897 4092; x_wconf 85' lang='lat' dir='ltr'>pitia</span> <span class='ocrx_word' id='word_1_440' title='bbox 907 4033 979 4076; x_wconf 85' lang='lat' dir='ltr'>erat:</span> <span class='ocrx_word' id='word_1_441' title='bbox 998 4026 1043 4074; x_wconf 87' lang='lat' dir='ltr'>sed</span> <span class='ocrx_word' id='word_1_442' title='bbox 1063 4034 1209 4075; x_wconf 89' lang='lat' dir='ltr'>tamennon</span> <span class='ocrx_word' id='word_1_443' title='bbox 1221 4027 1303 4076; x_wconf 85' lang='lat' dir='ltr'>minus</span> <span class='ocrx_word' id='word_1_444' title='bbox 1313 4027 1363 4077; x_wconf 83' lang='lat' dir='ltr'>vir·</span> 
     </span>
     <span class='ocr_line' id='line_1_49' title="bbox 262 4094 1364 4166; baseline -0.001 -22"><span class='ocrx_word' id='word_1_445' title='bbox 262 4094 405 4144; x_wconf 70' lang='lat' dir='ltr'>inmitibus</span> <span class='ocrx_word' id='word_1_446' title='bbox 423 4094 620 4144; x_wconf 70' lang='lat' dir='ltr'>Grammaticis:</span> <span class='ocrx_word' id='word_1_447' title='bbox 638 4096 645 4122; x_wconf 76' lang='lat'>⁸</span> <span class='ocrx_word' id='word_1_448' title='bbox 658 4095 792 4146; x_wconf 72' lang='lat' dir='ltr'>Cornelius</span> <span class='ocrx_word' id='word_1_449' title='bbox 831 4110 888 4153; x_wconf 74' lang='lat' dir='ltr'>tute</span> <span class='ocrx_word' id='word_1_450' title='bbox 898 4107 927 4151; x_wconf 75' lang='lat' dir='ltr'>ei</span> <span class='ocrx_word' id='word_1_451' title='bbox 937 4101 1072 4162; x_wconf 70' lang='lat' dir='ltr'>industria,</span> <span class='ocrx_word' id='word_1_452' title='bbox 1089 4116 1166 4166; x_wconf 73' lang='lat' dir='ltr'>qum</span> <span class='ocrx_word' id='word_1_453' title='bbox 1181 4101 1284 4152; x_wconf 75' lang='lat' dir='ltr'>sotium</span> <span class='ocrx_word' id='word_1_454' title='bbox 1296 4103 1364 4152; x_wconf 67' lang='lat' dir='ltr'>vale.</span> 
     </span>
     <span class='ocr_line' id='line_1_50' title="bbox 261 4167 1361 4240; baseline 0.007 -22"><span class='ocrx_word' id='word_1_455' title='bbox 261 4167 405 4233; x_wconf 75' lang='lat' dir='ltr'>Epicadus,</span> <span class='ocrx_word' id='word_1_456' title='bbox 424 4169 498 4219; x_wconf 89' lang='lat' dir='ltr'>Lucii</span> <span class='ocrx_word' id='word_1_457' title='bbox 515 4170 594 4220; x_wconf 76' lang='lat' dir='ltr'>Snllae</span> <span class='ocrx_word' id='word_1_458' title='bbox 606 4171 792 4223; x_wconf 84' lang='lat' dir='ltr'>Dictstorisli·</span> <span class='ocrx_word' id='word_1_459' title='bbox 831 4178 884 4227; x_wconf 75' lang='lat' dir='ltr'>hat.</span> <span class='ocrx_word' id='word_1_460' title='bbox 916 4175 967 4225; x_wconf 78' lang='lat' dir='ltr'>Sed</span> <span class='ocrx_word' id='word_1_461' title='bbox 978 4183 1038 4240; x_wconf 83' lang='lat' dir='ltr'>pout</span> <span class='ocrx_word' id='word_1_462' title='bbox 1048 4177 1151 4226; x_wconf 79' lang='lat' dir='ltr'>civilem</span> <span class='ocrx_word' id='word_1_463' title='bbox 1169 4175 1301 4227; x_wconf 80' lang='lat' dir='ltr'>victoriam</span> <span class='ocrx_word' id='word_1_464' title='bbox 1310 4174 1361 4226; x_wconf 86' lang='lat' dir='ltr'>i&#39;or·</span> 
     </span>
    </p>
   </div>
   <div class='ocr_carea' id='block_1_3' title="bbox 261 4241 1360 4318">
    <p class='ocr_par' dir='ltr' id='par_1_3' title="bbox 261 4241 1360 4318">
     <span class='ocr_line' id='line_1_51' title="bbox 261 4241 1360 4318; baseline 0.011 -24"><span class='ocrx_word' id='word_1_465' title='bbox 261 4241 360 4309; x_wconf 64' lang='lat' dir='ltr'>hams,</span> <span class='ocrx_word' id='word_1_466' title='bbox 377 4246 529 4314; x_wconf 76' lang='lat' dir='ltr'>cetsnrqus</span> <span class='ocrx_word' id='word_1_467' title='bbox 546 4247 693 4301; x_wconf 75' lang='lat' dir='ltr'>uoeroouo</span> <span class='ocrx_word' id='word_1_468' title='bbox 712 4264 792 4317; x_wconf 55' lang='lat' dir='ltr'>aqua</span> <span class='ocrx_word' id='word_1_469' title='bbox 829 4258 937 4306; x_wconf 81' lang='lat' dir='ltr'>tanetus</span> <span class='ocrx_word' id='word_1_470' title='bbox 953 4265 1007 4304; x_wconf 83' lang='lat' dir='ltr'>ceu</span> <span class='ocrx_word' id='word_1_471' title='bbox 1026 4250 1086 4317; x_wconf 77' lang='lat' dir='ltr'>icit,</span> <span class='ocrx_word' id='word_1_472' title='bbox 1116 4250 1360 4318; x_wconf 67' lang='lat' dir='ltr'>quindecimum</span> 
     </span>
    </p>
   </div>
   <div class='ocr_carea' id='block_1_4' title="bbox 0 0 1504 5040">
    <p class='ocr_par' dir='ltr' id='par_1_4' title="bbox 0 0 1504 5040">
     <span class='ocr_line' id='line_1_52' title="bbox 0 0 1504 5040; baseline 0 2"><span class='ocrx_word' id='word_1_473' title='bbox 0 0 1504 5040; x_wconf 95' lang='lat' dir='ltr'> </span> 
     </span>
    </p>
   </div>
  </div>
 </body>
</html>
