3000 5040
266 303 331 370 aba
610 319 719 368 norm
743 318 944 368 vnnroausr
969 320 1008 367 in

267 460 369 513 codices
377 461 506 511 babentia
514 463 675 525 pergamenis
683 462 796 526 descrip·
832 462 961 525 secunda
975 464 1029 527 ilia,
1038 479 1091 514 min
1108 463 1292 527 rirgiunobili,
1304 471 1363 514 tau·

186 532 194 540 ⁹
267 538 366 590 tletex
377 540 509 602 impressis
519 540 644 604 plerique.
662 541 754 590 Rivius.
833 553 909 603 qrram
927 555 943 587 a
960 555 1036 589 mauu
1053 541 1211 604 interpretis.
1244 539 1360 591 Comme·

299 615 365 663 Naro
383 615 419 662 ati
440 613 547 678 wasone
562 615 665 664 audium
683 631 714 664 ex
724 621 795 665 atate
832 616 878 665 risi
889 617 974 666 codex
982 624 1112 667 vetustate
1122 619 1177 681 ipsa
1185 633 1284 681 exesor,
1291 618 1360 668 aliud

259 689 397 754 modat]
420 691 467 738 Est
487 690 590 754 quidem
609 691 634 739 in
655 692 794 756 plerisque,
833 692 895 755 qaid
907 692 1010 741 videtur
1027 693 1161 743 babuisse:
1185 695 1297 744 sednon
1316 711 1360 758 pu·

266 773 295 818 at
311 769 417 831 cadamus
436 768 563 830 ingeniosa
585 768 629 817 ssd
651 783 796 832 perperam,
834 769 870 816 tui
882 769 963 817 oculis
983 769 1093 833 assequi.
1124 770 1151 818 Si
1163 771 1264 830 liceret,
1280 772 1362 835 suspi-

267 842 412 905 utopinor;
435 857 493 892 nam
505 845 643 894 etstudium
655 853 695 894 est
706 846 731 893 in
744 860 795 893 ma·
833 859 916 906 cerer,
931 844 982 894 dno
1001 846 1046 894 illa
1059 846 1182 907 membra,
1197 863 1248 896 cum
1265 848 1360 910 uirgine

267 919 408 982 adscriptis
427 926 455 968 ct
479 919 569 968 eodem
592 921 667 969 rnodo
684 920 795 969 Felicior
832 919 1361 985 mbilicumucerdoteVratoemareagius·
1411 941 1413 944 ·

265 994 427 1047 Durantinus
436 996 509 1059 legit.
537 997 655 1061 Namque
663 999 729 1045 bunc
740 1012 794 1046 sen·
833 1008 875 1043 aa:
893 1009 950 1044 nam
963 996 1025 1059 quid
1037 998 1077 1046 bic
1085 1005 1177 1048 auctor
1186 1013 1232 1061 pro
1243 998 1361 1049 confesso

267 1085 323 1121 aum
334 1071 452 1136 reddens,
464 1078 472 1101 ⁴
484 1073 522 1122 Ut
533 1087 619 1122 eorsum
633 1074 734 1122 diversa
743 1081 795 1121 sto·
833 1085 864 1120 ac
875 1079 948 1121 certo
968 1080 1058 1135 ponat,
1077 1074 1151 1137 cujus
1165 1089 1213 1123 nec
1224 1074 1279 1137 ipse
1291 1075 1361 1125 Cati·

267 1145 312 1199 dia
329 1149 516 1211 perspexerat,'
536 1149 627 1212 iuquit,
647 1149 703 1196 ‘sio
723 1147 796 1197 dissi·
832 1147 891 1208 iiua,
902 1163 984 1212 usque
1002 1151 1114 1199 Vestalis
1130 1151 1247 1200 convinci
1259 1151 1362 1214 putuit?

266 1223 322 1273 miii
341 1225 439 1273 ratione
458 1225 484 1272 iu
502 1238 572 1272 snam
592 1222 795 1273 familiaritatem
833 1229 862 1271 ut
883 1224 951 1272 eninr
972 1225 1073 1274 dicatur
1095 1227 1226 1276 convictus
1249 1227 1362 1290 quidem,

267 1298 404 1349 illexerat?
422 1303 496 1349 idem.
832 1297 877 1346 sed
888 1299 1008 1361 erasisse,
1019 1301 1103 1362 gratia
1112 1302 1209 1362 Catuli,
1225 1303 1272 1351 boc
1282 1301 1363 1352 fuerit

300 1375 383 1440 Neque
393 1381 506 1440 sumptu,
524 1394 597 1441 neque
615 1379 735 1428 nodedioe
746 1392 796 1426 ruoe
831 1376 1151 1439 accnnreipsosjudicea;
1169 1377 1361 1441 quododiorum
1453 1418 1458 1424 .

264 1452 373 1513 parcere]
400 1454 613 1503 commelinianus
635 1471 685 1504 oon
707 1455 795 1516 babor,
832 1450 913 1501 nbnis.
944 1451 972 1500 si
984 1466 1051 1501 uon:
1068 1458 1096 1501 at
1108 1453 1211 1502 verbulo
1223 1456 1315 1503 saltem
1323 1455 1361 1504 iu·

266 1539 325 1586 m,
335 1541 418 1590 neque
427 1527 562 1578 admodum
576 1531 702 1581 desidero.
732 1531 795 1580 Gru-
832 1527 969 1577 dicandum
980 1536 1047 1577 crat.
1066 1529 1192 1578 Gruterus.
1354 1570 1356 1575 .

268 1603 343 1650 teus.
866 1604 926 1652 Cam
935 1604 1027 1665 uirgine
1038 1604 1121 1667 moin]
1140 1607 1204 1655 Eam
1216 1607 1362 1671 significare

303 1682 344 1731 Ex
352 1683 483 1737 flumem
499 1687 585 1746 mgis,
595 1701 664 1749 qm
680 1688 795 1748 meni.
832 1677 982 1728 Sallustium
993 1681 1123 1744 cxistimo,
1133 1697 1192 1746 quae
1210 1691 1300 1745 postea
1311 1683 1362 1734 fnit

266 1773 338 1822 Μ
353 1760 381 1808 ω
394 1767 535 1824 mmm
546 1761 624 1825 [Μ]
651 1763 715 1812 Nu,
737 1763 795 1811 mh.
833 1755 951 1805 Catilinas
972 1771 1071 1818 socrus,
1091 1759 1125 1807 de
1147 1775 1197 1823 qua
1214 1761 1251 1810 sic
1271 1761 1362 1810 Cicero

268 1834 372 1885 ductam
392 1837 470 1886 habet
491 1838 560 1887 linea
579 1852 668 1887 vocem
687 1839 757 1900 qaod,
768 1844 795 1886 et
832 1832 987 1881 mentionem
997 1831 1076 1883 facit:
1095 1834 1364 1899 ‘Cumdeprebende·

268 1923 330 1960 vero
341 1926 391 1960 non
410 1921 553 1975 agnoscunt
564 1916 642 1963 etiam
657 1915 717 1963 libri
732 1929 796 1978 quos
833 1906 894 1957 bure
913 1909 940 1956 ln
958 1909 1100 1971 adulteriis,
1114 1926 1172 1961 cum
1189 1912 1365 1975 deprehende·

213 2021 215 2025 ψ
268 1987 380 2037 cuntulit
395 1987 557 2050 Bongarsiua,
574 2003 624 2037 non
637 1989 798 2038 commelini·
833 1980 880 2030 bu
901 1982 1032 2032 adulteros
1055 1984 1120 2047 ipre,
1138 1999 1197 2034 cum
1219 2001 1253 2034 ex
1272 1987 1364 2048 eodem

269 2073 333 2110 anns
354 2075 435 2122 meus,
463 2076 515 2109 non
545 2062 602 2110 Pal.
626 2068 688 2110 tert.
711 2069 796 2124 quart.
834 2063 924 2118 stupro
937 2057 986 2106 tibi
997 2065 1025 2107 et
1036 2073 1151 2119 uxorem,
1162 2070 1189 2108 et
1201 2058 1279 2108 liliam
1294 2061 1364 2110 inve·
1430 2055 1437 2074 ¹

266 2143 398 2189 amanet.
417 2153 476 2188 non,
495 2138 552 2188 doc,
572 2138 666 2187 endec,
687 2137 798 2188 dundee,
835 2130 914 2179 nisti!
949 2132 1014 2182 Qua
1026 2133 1105 2181 verba
1122 2134 1158 2182 ita
1178 2133 1365 2196 interpretator

270 2211 396 2263 (ΝΜ
835 2205 976 2255 Asconius:
986 2260 989 2265 ,
999 2211 1006 2234 ‘
1018 2207 1121 2256 Dicitur
1140 2209 1251 2258 Catilina
1266 2211 1365 2260 adulte·

301 2288 368 2338 cap,
381 2293 419 2339 15,
443 2288 556 2350 Ngfm
571 2290 666 2353 stupra]
693 2290 798 2353 Quippe
835 2281 900 2330 rium
911 2282 1068 2332 commisisse
1079 2297 1243 2349 comesque}
1256 2285 1280 2336 ei
1293 2295 1362 2351 post·

270 2363 316 2429 qui
327 2364 481 2414 adulterium
498 2366 668 2415 commisisset
685 2381 743 2415 cum
760 2380 800 2425 ea,
836 2372 963 2408 emerus
974 2358 1040 2409 tuit:
1061 2367 1088 2409 et
1101 2373 1133 2408 ex
1150 2374 1181 2409 eo
1198 2369 1288 2425 stripro
1302 2362 1365 2412 dux·

220 2458 223 2463 ·
270 2453 329 2503 qua
349 2440 374 2487 ei
394 2448 483 2502 postea
503 2455 591 2491 socrus
607 2439 705 2505 fuit,et
722 2455 799 2491 exeo
836 2433 887 2485 isse
907 2449 1021 2498 uxorem,
1043 2450 1103 2485 cum
1124 2435 1179 2485 filia
1206 2437 1259 2500 ejus
1286 2445 1364 2490 esset.

270 2519 361 2578 stupro
369 2515 485 2566 duxisset
495 2532 610 2579 uxorem,
618 2532 676 2567 cum
685 2516 799 2581 filiaejur
836 2511 902 2561 ΗΜ
914 2512 1039 2576 Luccrjur
1051 2528 1153 2578 quoque
1169 2515 1287 2565 Catilina,
1299 2516 1365 2580 obji-

270 2594 355 2649 ωας
372 2591 548 2657 Luccejrrsque
558 2594 614 2642 haec
631 2593 654 2642 ei
663 2593 800 2656 objecisset
836 2588 883 2650 sit,
894 2587 920 2636 in
939 2589 1094 2638 orationibus
1105 2604 1168 2653 quas
1180 2590 1206 2638 in
1217 2606 1275 2640 cum
1286 2592 1365 2656 scrip·

270 2661 468 2732 iaorationibns
476 2683 539 2731 qrras
547 2669 574 2716 io
581 2682 639 2717 eum
646 2669 761 2731 scripsit,
770 2676 800 2719 nt
836 2663 880 2712 flli-
898 2663 1364 2718 Nomlntharummullerumuoudum

271 2739 308 2789 alt
319 2741 459 2806 Pediamu,
468 2745 511 2807 qui
522 2745 571 2793 hoc
583 2745 666 2806 addit,
681 2745 688 2771 ‘
699 2759 727 2793 ‚e
737 2759 799 2794 non.
835 2738 940 2789 iuveni!
951 2740 1085 2789 Hactenus
1096 2741 1150 2790 ille.
1162 2742 1298 2793 Quibnsex
1309 2760 1365 2793 ver·

270 2813 332 2865 dum
340 2816 430 2865 barum
438 2818 800 2869 molierumnominainrenis·
835 2813 875 2863 bia
885 2816 1063 2879 intelligimus,
1074 2819 1282 2867 nomenmulieris
1291 2820 1364 2882 hujus

270 2889 319 2942 ael
351 2891 472 2955 Ejusdem
489 2892 598 2942 Pediaui
615 2893 710 2942 ibidem
722 2895 800 2944 verba
836 2891 1017 2954 aSailustio,et
1025 2893 1058 2942 ab
1066 2894 1122 2942 aliis
1132 2901 1238 2957 propter
1247 2894 1366 2943 nobilita-

161 3000 165 3007 -
249 2959 332 3021 'suut
352 2968 423 3018 baec:
451 2969 560 3031 ‘Fabia,
584 2968 656 3031 virgo
686 2968 799 3019 Vestalis
837 2971 890 3016 tem
911 2968 1013 3029 generis
1033 2984 1198 3032 suppressum
1217 2984 1282 3019 esse.
1321 2972 1364 3021 Sic

271 3057 386 3101 mursam
397 3042 491 3092 incesti
499 3043 576 3104 dixit,
587 3058 646 3092 cum
657 3043 681 3092 ei
689 3043 801 3094 Catilina
837 3056 939 3107 qnoque
951 3043 1098 3093 Sallustium
1118 3059 1168 3094 nou
1185 3043 1278 3095 fecisse.
1294 3061 1364 3096 meo·

271 3120 442 3185 objiceretur:
477 3126 585 3184 eratque
606 3120 724 3169 absoluta
744 3121 801 3172 baec
837 3119 933 3169 tionem
951 3121 983 3170 ds
1001 3120 1061 3182 lilia,
1074 3135 1107 3170 ns
1123 3128 1214 3184 aperte
1234 3122 1365 3172 mulierem

271 3195 362 3256 Fabia,
371 3197 512 3261 quiasoror
523 3197 716 3249 erat'l'ersntia
727 3198 800 3247 Cice·
837 3202 950 3245 notaret.
972 3196 1126 3246 Plutarchus
1137 3197 1162 3246 iu
1175 3198 1300 3248 Cicerone
1312 3205 1366 3247 tab·

271 3272 357 3321 ranis!
382 3258 800 3338 Pauloquoqucbronusz‘so-
837 3278 891 3320 tum
911 3272 936 3320 id
957 3272 1059 3333 scribit,
1082 3273 1217 3323 Catilinam
1234 3289 1293 3322 cnm
1313 3273 1367 3323 filia

272 3345 330 3396 dem
341 3361 407 3396 auno
418 3349 487 3411 apud
501 3350 627 3398 Romanos
637 3350 750 3400 Catilina
758 3365 800 3399 ac·
837 3346 1033 3411 virginecoisse.
1051 3347 1281 3398 PotoitSalluatins
1289 3349 1365 3398 aliam

272 3430 374 3473 emarus
384 3423 494 3485 incesti3
514 3424 584 3490 quod
592 3440 650 3475 cum
662 3427 742 3476 Fabia
752 3428 802 3476 vir·
837 3425 964 3488 quandam
975 3425 1101 3487 virginem
1121 3425 1274 3487 intelligere.
1309 3427 1365 3475 Nos

272 3499 443 3563 giuevestali
462 3508 579 3565 rtnprnm
597 3502 802 3553 commisissent·
838 3509 923 3550 autem
946 3501 1007 3565 quid
1030 3500 1128 3550 certius
1147 3499 1292 3562 afferamus,
1313 3515 1365 3552 nou

272 3576 417 3641 tuebatur!
451 3577 523 3626 Idem
540 3578 621 3629 tradit
632 3581 800 3630 Plot.inCe·
837 3576 968 3626 babemus.
986 3577 1052 3626 Cart.

272 3659 342 3702 tuna.
355 3653 446 3702 Cicero
457 3662 559 3702 autem:
577 3655 800 3706 ‘Quoduefarinm
874 3652 962 3714 Verte]
992 3651 1119 3701 Chaldaeis
1143 3657 1253 3717 nm
1283 3654 1365 3703 Ertha

272 3735 389 3793 stuprum
400 3744 452 3778 aon
469 3744 516 3792 per
532 3731 621 3793 illum,’
637 3736 687 3783 dre.
719 3733 799 3782 ltcm:
837 3732 924 3795 ignem
944 3733 1061 3792 denotat,
1084 3732 1151 3781 uude
1172 3737 1254 3783 Vesta
1276 3735 1365 3796 procul

271 3804 435 3867 ‘stuprorum
444 3807 605 3856 etscclerum
614 3807 800 3857 exercitatione
838 3807 916 3856 dubio
927 3823 1019 3857 nomeu
1031 3810 1143 3872 accepit.
1166 3808 1252 3872 Atque
1261 3810 1302 3859 hic
1313 3811 1366 3860 cul-

272 3878 598 3930 monsuetudinem.
793 3918 795 3927 .
839 3885 960 3946 tusapud
974 3885 1108 3934 wldaeos
1125 3893 1154 3935 et
1171 3885 1366 3949 Perrasprasci·

305 3956 387 4005 Multa
404 3956 507 4016 wanda
526 3963 610 4021 daura
623 3960 727 4022 fecerat,
747 3976 800 4011 ram
838 3957 972 4020 puurfuit.
1007 3960 1076 4011 Quin
1093 3969 1121 4010 et
1137 3962 1162 4009 in
1182 3976 1254 4010 sacru
1270 3962 1366 4024 populo

272 4033 366 4095 uirgine
385 4034 465 4096 nobiti,
487 4051 538 4084 cura
563 4038 681 4085 sacerdote
713 4036 800 4099 Vesta]
838 4034 949 4084 accesit
961 4036 1013 4085 Dei
1025 4037 1123 4099 jussio:
1141 4042 1148 4066 ⁶
1163 4038 1232 4100 ignis
1245 4039 1271 4086 in
1289 4038 1366 4086 altari

256 4106 332 4158 'Duo
346 4123 442 4172 genera
457 4117 604 4173 stuprosum
619 4111 748 4174 intelligat
758 4127 802 4160 ne·
838 4124 940 4175 semper
951 4112 1061 4176 ardebit,
1077 4128 1153 4177 quum
1165 4116 1261 4165 nutriet
1281 4128 1366 4163 raner-

273 4198 344 4237 crue
365 4193 424 4249 ert,
457 4186 569 4253 aliuqnin
589 4187 727 4240 admodum
747 4203 802 4242 sus·
838 4186 1112 4254 dosaubjicieosiigua
1120 4191 1366 4256 mauepeninguios
