3000 5040
474 357 629 408 seusun
652 357 820 408 carrum.
864 360 948 409 cnr.
970 345 1025 412 52.
1237 350 1304 419 trs

232 498 400 562 nectunt]
422 499 500 552 Quasi
511 498 599 548 uest:
617 497 639 546 si
650 496 730 546 bomi·
769 502 824 546 tum
833 497 900 548 baad
912 512 978 549 vana
993 500 1127 563 jactantes
1138 504 1302 559 memorant?

199 577 361 628 nesbumilis
370 574 521 625 conditionis
532 574 580 622 hoe
597 571 731 634 fecissent,
769 572 812 621 lta
834 573 887 623 ills.
930 575 999 625 Galli
1022 577 1089 626 enim
1112 577 1302 633 bellicosissimi

199 651 417 703 furtsmereniam
438 649 544 698 dandam
566 662 622 697 esse
641 661 731 696 oense·
769 657 852 710 erant,
863 651 934 699 etob
954 651 980 699 id
1000 654 1167 716 imperatores
1180 657 1301 721 Romani,

199 735 268 778 rent.
306 729 364 776 Vult.
768 741 813 776 eos
825 725 976 802 refntpudos
987 731 1082 792 potius,
1096 747 1171 794 quam
1183 733 1250 783 bello
1262 734 1301 784 ls-

233 803 397 866 Nobilisssuai]
414 803 558 853 Nobilitate
569 802 732 852 criminans·
769 805 907 855 cesseudos
928 808 1077 869 censebant,
1095 817 1125 857 ut
1145 811 1237 860 scribit
1256 812 1299 863 Ci-

200 888 300 944 gentnr,
315 883 335 929 si
355 881 404 930 mle
424 881 458 929 sit
476 881 584 937 crimen,
596 880 666 944 quod
686 892 731 928 sx-
768 895 838 930 cero.
871 879 961 930 Zancle.

199 956 289 1020 tinguit
300 957 465 1019 splendorem
474 957 648 1020 sanguinium
660 969 730 1004 max·
799 955 880 1018 Supra
896 961 967 1019 caput
982 956 1028 1018 est]
1060 957 1180 1008 Imminet
1190 961 1299 1012 cernici-

198 1032 273 1082 imum
297 1033 409 1095 Reipub.
434 1030 519 1080 adfert
535 1032 730 1080 detrimentum.
767 1031 816 1081 bus
836 1033 947 1082 nostris:
974 1033 1075 1082 namin
1096 1035 1300 1089 Hetruriaerat.

198 1108 273 1160 Unde
286 1111 348 1158 alibi
360 1109 477 1157 Caesares
488 1107 683 1156 Valentinianos
702 1112 732 1155 et
767 1107 842 1157 idem.

196 1185 354 1234 'lbeodosius
367 1185 384 1233 l.
396 1198 438 1233 uu.
455 1183 565 1233 cedde
579 1181 730 1232 conductor·
803 1183 849 1231 Vos
859 1184 1003 1233 nnrctomini
1020 1184 1092 1233 etiam
1103 1199 1165 1232 nunc
1175 1190 1198 1234 et
1209 1185 1302 1234 dubita·

197 1260 244 1309 lib.
262 1274 292 1309 n.
309 1258 459 1321 ‘Gravior,'
481 1259 609 1322 inquiunt,
633 1262 731 1320 ‘poens
766 1260 798 1308 tis
808 1261 863 1323 quid
874 1261 939 1311 intro
950 1263 1047 1325 moenis]
1058 1263 1121 1310 'l'res
1132 1263 1191 1311 libri
1202 1263 1302 1327 melias,

198 1336 378 1385 constituenda
388 1338 413 1384 iu
428 1336 484 1397 hos,
502 1335 548 1399 qui
564 1333 647 1383 uestri
662 1331 730 1395 juris
771 1337 816 1385 Vos
832 1338 974 1386 cunctamini
992 1339 1066 1387 etiam
1083 1353 1145 1386 nanc
1162 1338 1220 1400 quid
1236 1339 1302 1388 intra

197 1420 267 1474 sunt,
278 1420 306 1462 et
317 1422 404 1463 nostra
416 1413 513 1462 debent
524 1411 655 1461 custodire
667 1424 733 1473 prse-
767 1428 800 1461 ur.
840 1412 928 1463 Iusta:
951 1415 959 1441 ‘
973 1413 1017 1462 De
1038 1413 1222 1462 crudelissimis
1243 1427 1303 1475 par·

197 1489 294 1553 cepta.'
327 1492 361 1539 Et
380 1489 442 1539 alibi
461 1486 628 1547 lbeodosins,
649 1484 732 1534 multo
768 1486 863 1548 rieidis,
888 1489 951 1552 quid
978 1488 1097 1538 statuatis
1121 1485 1301 1539 cunctamini?

197 1567 295 1628 anore
314 1580 391 1628 poeua
409 1581 454 1615 eos
473 1579 530 1614 esse
549 1559 733 1625 dignoscitur,
769 1562 868 1611 Pntsclt.

199 1642 294 1704 quibus
304 1642 441 1704 plurimum
453 1639 555 1688 boueris
566 1637 680 1685 delatum
689 1635 732 1683 sit.
806 1639 853 1686 Vos
862 1640 1002 1688 cunctamini
1011 1641 1082 1689 ctiam
1090 1655 1159 1702 nunc,
1167 1640 1222 1703 quid
1231 1641 1300 1691 intra

200 1715 344 1764 ordinaris
357 1716 453 1778 alioqui
472 1714 580 1762 crimina
600 1711 627 1759 iu
644 1707 735 1757 nobili·
771 1714 864 1775 monio,
885 1714 1030 1775 deprebensis
1056 1717 1167 1779 lontibus,
1186 1717 1300 1782 sociam]

199 1789 250 1838 bus
267 1790 353 1838 mitius
365 1789 538 1853 puniebantur
556 1787 624 1851 apud
643 1787 735 1834 Roma·
772 1789 881 1836 Secutus
892 1804 947 1836 sum
965 1788 1088 1838 eommel
1098 1804 1128 1838 sc
1140 1791 1197 1839 Pal.
1208 1808 1259 1842 sec.
1270 1799 1299 1842 et

200 1878 258 1915 nos.
292 1866 369 1918 Quod
385 1872 495 1928 apparet
506 1879 538 1912 cx
556 1863 572 1912 l.
584 1876 625 1912 rx.
636 1865 658 1926 ς.
678 1861 734 1910 istae
772 1872 834 1913 tert.
852 1865 945 1927 quibus
964 1866 1062 1913 nullum
1077 1865 1213 1929 vestigium
1225 1866 1300 1929 illius,

200 1940 257 1991 fere
269 1941 285 1991 l.
298 1953 345 1991 xv.
356 1941 373 1988 l.
385 1952 486 1989 xxvru.
498 1942 521 2002 i.
541 1953 686 1988 uonomnes
707 1946 735 1987 et
770 1946 794 1989 ct
804 1941 927 2002 dubitatis,
946 1941 1014 2005 quod
1032 1955 1128 2005 unpere
1146 1948 1234 1990 uatum
1250 1948 1299 1994 est.

199 2018 221 2080 ξ.
242 2018 397 2080 generaliter
417 2017 435 2065 l.
454 2016 613 2077 xxxv111.§.
631 2022 733 2064 actores
770 2016 838 2065 Nam
857 2015 917 2066 edd.
937 2017 1041 2081 prisca,
1061 2025 1091 2068 ut
1109 2023 1136 2067 et
1154 2033 1221 2068 omu.
1241 2016 1299 2067 sere

199 2101 227 2143 et
238 2096 259 2158 t.
275 2109 329 2159 seq.
349 2095 366 2143 l.
380 2095 426 2143 ult.
447 2094 469 2155 i.
482 2105 501 2141 1.
523 2090 549 2140 ff.
570 2091 603 2140 de
624 2091 729 2151 Poeuis;
767 2092 830 2141 Mas.
842 2109 882 2142 cos
897 2093 1039 2142 cunctamini
1053 2094 1301 2144 etiamnuncdubito·

200 2171 307 2234 aliisque
327 2170 412 2218 multis
434 2169 459 2217 iu
482 2168 553 2217 locis.
593 2168 681 2231 Atque
702 2167 729 2215 iu
766 2169 806 2233 tis,
816 2169 872 2219 siue
883 2172 993 2235 copula:
1023 2178 1138 2219 ceterum
1151 2169 1208 2218 lere
1220 2169 1300 2219 etiam

200 2248 282 2310 poeuis
318 2246 508 2309 proportionem
536 2244 728 2293 Geometricsm
766 2247 933 2308 recepissem,
948 2245 1110 2308 apprehensis,
1126 2244 1195 2307 quod
1208 2244 1302 2292 cratiu

198 2322 436 2384 ursarioportere,
455 2319 729 2381 magnusillesapieu-
768 2321 894 2370 Commel.
914 2329 943 2370 et
964 2321 1030 2369 Nur.
1058 2321 1117 2369 loco
1143 2319 1303 2381 deprebensis.

200 2399 243 2447 tia
260 2398 371 2446 dictator
383 2395 537 2444 Aristotcles
554 2394 674 2453 asseruit,
692 2399 731 2441 at·
770 2394 876 2468 Grutpr.

200 2489 251 2539 quc
270 2471 334 2520 adeo
354 2471 547 2534 proportionem
558 2469 733 2517 harmonicam
803 2468 906 2530 Manio]
930 2467 983 2515 Pro
992 2469 1071 2516 muris
1083 2468 1166 2532 accipi
1178 2469 1261 2518 solent
1273 2475 1302 2520 et

200 2637 348 2690 quanquam
361 2630 387 2668 et
399 2620 440 2668 lric
452 2619 562 2681 simplex
574 2625 602 2668 et
613 2618 694 2680 qualis
707 2618 734 2666 in
770 2618 932 2677 moeuicndo;
950 2618 976 2666 id
988 2626 1037 2679 est,
1046 2627 1075 2668 ut
1086 2635 1154 2668 nuuc
1164 2620 1300 2684 loquimur,

200 2714 307 2749 numero
324 2695 458 2760 equalitas
476 2694 527 2741 dici
545 2699 631 2756 potest
650 2699 679 2741 ut
697 2693 732 2741 lo·
770 2693 933 2742 amrrniendo
944 2693 1025 2743 dicta.
1058 2694 1101 2743 lta
1114 2697 1223 2745 Plautus
1234 2697 1299 2747 dixit

200 2776 289 2840 quitur
313 2773 429 2830 Grotius,
451 2769 536 2818 meriti
563 2768 596 2816 ad
619 2783 732 2831 poeuam,
769 2769 794 2817 iu
816 2769 920 2830 Captis.
942 2770 1126 2825 circummuniti.
1169 2774 1205 2822 Et
1226 2789 1299 2823 morse

199 2850 275 2901 sicuti
287 2851 312 2898 iu
324 2847 502 2898 contractibus
512 2844 731 2893 mercisaduum·
768 2845 888 2906 singulari
900 2859 1006 2893 numero
1016 2847 1084 2908 apud
1097 2848 1217 2897 Ennium.
1251 2848 1299 2898 At·
1339 2889 1343 2895 .

200 2941 264 2985 tuos,
285 2938 430 2990 quanquam
455 2922 515 2970 alibi
541 2935 612 2969 merx
638 2919 730 2968 eadem
768 2936 816 2986 que
827 2937 910 2970 manas
920 2923 979 2970 lriuc
991 2925 1096 2985 proprie
1107 2925 1217 2986 dictum,
1235 2941 1299 2973 onus

202 3003 268 3066 plus,
279 3002 339 3050 alibi
349 3003 430 3049 arsinus
441 3001 520 3060 valet,
532 3000 646 3062 itemque
658 3012 731 3046 num·
767 2999 845 3045 mitris
857 2996 1015 3057 reficiendis,
1027 2998 1070 3045 ubi
1091 2999 1201 3059 primum
1223 3013 1301 3047 unum

202 3078 247 3126 mi.
281 3079 349 3139 Thyn.
768 3072 889 3121 inlocum
901 3072 1091 3132 convenissent,
1103 3072 1135 3120 ad
1147 3071 1280 3134 oppidum.

239 3155 362 3201 Gallorum
378 3158 472 3212 gentem
488 3151 667 3211 infestissimam
684 3152 732 3199 lto-
803 3149 966 3196 Misereamini
975 3147 1189 3209 censeo,deliquere
1199 3147 1303 3197 densim

202 3229 411 3278 masonominiacl
427 3228 512 3274 bellurn
522 3227 654 3289 accersunt]
685 3228 733 3276 Co·
769 3223 933 3271 adolescentuli
952 3237 994 3283 per
1010 3222 1171 3285 ambitionem]
1209 3223 1253 3272 stc
1274 3232 1301 3275 ct

203 3303 274 3354 dices
287 3304 312 3351 iu
326 3302 487 3365 pergamenis
498 3302 633 3365 descripti,
645 3302 735 3351 nomini
770 3299 972 3362 manuscriptum
984 3306 1011 3347 et
1021 3300 1070 3347 alia
1081 3297 1145 3347 l'ere.
1172 3298 1223 3348 Sed
1232 3301 1302 3350 Mer·

203 3382 325 3432 Romano:
343 3396 373 3428 ac
386 3381 423 3427 sic
439 3380 533 3429 rectius
546 3380 650 3444 legitur.
683 3378 735 3428 Sed
770 3375 925 3438 seburgcnse
937 3382 963 3423 et
974 3375 1304 3436 §churrerianumbtisere-

203 3464 231 3506 et
248 3457 379 3505 accersiunt
398 3456 503 3517 ibidem,
526 3470 577 3503 nou
596 3460 716 3504 accersunt
724 3472 735 3514 ,·
770 3451 836 3499 mini,
869 3451 1010 3514 Perpetem
1020 3452 1157 3501 videlicet:
1175 3452 1203 3499 rb
1213 3469 1302 3516 censeo,

203 3532 516 3598 quamvisoudemsensu.
550 3531 645 3580 Rivius.
771 3527 811 3576 liic
833 3528 866 3576 ed
890 3527 996 3576 ironiam
1020 3526 1099 3588 facit,
1125 3543 1208 3592 neque
1231 3530 1300 3578 cuim

236 3609 360 3658 Gallorum
376 3613 472 3668 gentem
489 3606 665 3668 infestissimum
685 3607 734 3655 Ro-
770 3602 818 3652 boc
840 3605 896 3653 vult
919 3604 994 3662 Cato,
1016 3604 1215 3653 misericordiam
1244 3619 1301 3654 esse

203 3701 271 3734 nano
292 3684 391 3745 nomini]
430 3683 498 3731 Nam
518 3689 546 3731 et
568 3682 656 3730 Livius
679 3683 733 3731 ait:
772 3681 935 3744 deprebensis
946 3682 1014 3729 iutra
1026 3683 1118 3730 moenis
1129 3681 1244 3733 hostibus
1256 3684 1302 3731 im-

205 3761 309 3808 ‘Unam
329 3760 379 3807 sibi
398 3773 468 3821 spem
489 3759 614 3821 reliquam
634 3759 659 3806 iu
681 3760 735 3807 He-
772 3759 941 3820 pertiendam,
953 3757 997 3804 sed
1011 3758 1123 3819 graviter
1132 3759 1156 3806 iu
1168 3774 1211 3807 eos
1221 3757 1302 3806 uniru-

206 3837 302 3884 trusels
314 3842 419 3895 restare,
435 3836 500 3883 scire
513 3843 615 3897 gentem
627 3835 735 3897 opulcn·
771 3834 955 3884 advertendum
974 3841 999 3880 et
1010 3848 1098 3882 severe
1110 3831 1299 3883 vindicandum.

147 3962 151 3970 ,
204 3911 328 3961 tissimum
344 3911 428 3968 armis,
445 3911 515 3969 viris,
531 3911 642 3973 pecunia
658 3925 732 3958 esse:
771 3910 915 3975 Propterea
923 3917 950 3957 et
962 3909 1081 3959 ironicam
1091 3907 1301 3957 extenuationem

203 3989 297 4038 babere
317 3988 416 4035 accolas
432 3986 527 4049 Gallos,
548 3989 616 4036 inter
636 3986 733 4036 ferrum
771 3988 883 4036 criminis
903 3986 983 4046 addit,
1003 4003 1052 4050 quo
1072 3985 1169 4033 utillum
1186 3977 1300 4028 atrocius

205 4071 232 4113 et
251 4079 322 4112 arma
344 4068 428 4121 natos,
445 4060 544 4113 feroces
562 4079 622 4112 cum
640 4071 733 4125 suopte
770 4071 950 4128 esscpotcrut.
987 4061 1080 4108 Ririas.

205 4138 314 4201 iugenio,
325 4146 379 4187 tum
388 4135 640 4200 adversnspopulum
649 4137 734 4199 Rom,
803 4141 849 4188 Nee
860 4141 908 4186 ista
918 4136 982 4183 colis
998 4130 1149 4183 munoctudo
1168 4131 1192 4173 ct
1211 4126 1302 4176 misem.

207 4226 282 4278 qaeu
299 4218 404 4279 captum
422 4226 439 4261 s
457 4213 734 4281 sesmoqueredemp-
770 4213 890 4276 cardimus·
902 4212 939 4258 itti
949 4223 1015 4257 arma
1025 4203 1140 4267 ceperint,
1148 4202 1174 4251 in
1183 4200 1303 4255 numism
