3000 5040
196 357 264 427 474
547 367 655 420 rora
680 367 884 416 vaaroauu
908 367 947 418 m

197 531 256 567 nem
268 514 401 566 Geminei
417 525 466 562 nee
482 525 533 561 non
550 512 608 560 Pal.
620 525 660 574 pr.-
671 523 723 559 aee.
764 507 1291 583 LacedaemoniisAtheniensibna.’l²ataci.

197 591 337 644 aeneorum
353 603 441 639 omnen
453 603 504 637 non
515 585 723 636 contemnendae:
798 587 909 646 Triginta
920 586 992 648 viror]
1021 586 1052 634 Id
1071 586 1167 636 iactum
1187 602 1242 636 este
1258 587 1291 637 ad

196 668 239 718 alii
250 667 355 730 quippe,
367 665 444 714 omnia
457 666 518 712 mnia
529 665 636 725 exeanpln
647 677 678 710 ex
689 661 726 708 bn·
762 675 855 709 anuum
867 660 921 709 iere
932 662 1009 710 Urbis
1021 667 1076 712 ait.
1097 664 1197 712 Gellius
1211 663 1292 713 tradit

194 742 234 793 air
249 742 317 789 rehtu
333 746 384 789 orta
400 746 462 798 aunt,
481 740 548 804 quod
565 741 643 789 etium
667 740 726 787 reti·
762 751 829 787 xvir.
840 742 881 786 21.
901 739 1046 788 Chironiae.

196 827 258 867 nent
268 817 330 866 edd.
341 818 456 880 antiquae
468 831 546 879 usque
556 817 589 865 ad
596 815 726 875 Aldina1u3
797 814 908 874 Triginta
928 814 1003 877 airon]
1042 817 1177 867 Quomodo
1200 831 1293 864 ereraa

196 892 222 943 in
235 907 284 956 qua
296 907 326 941 ex
344 893 409 941 uma
420 893 498 940 initiis
508 898 560 940 orta
569 897 633 941 aaut.
668 892 726 941 Nou
762 887 841 938 fuerit
857 889 1220 939 Democratiahtheniensium
1233 906 1293 954 pro·

195 969 302 1031 malasi
324 970 415 1017 liceret
427 976 523 1030 praeter
541 969 617 1017 libros
628 967 727 1031 quidvis
762 966 815 1014 lixa
836 967 924 1028 Lysias
946 975 1012 1016 orat.
1030 975 1121 1017 contra
1139 966 1294 1030 ligoratum.

195 1043 510 1105 inducereacriptoribur.
533 1045 596 1092 Mihi
609 1045 727 1093 hicmua·
765 1042 955 1092 Lacedaemouii
977 1044 1086 1092 victores
1109 1056 1197 1107 pacem
1222 1044 1295 1091 nole·

196 1119 302 1170 tandum
324 1128 373 1181 est,
391 1120 438 1168 nili
457 1121 531 1169 velim
554 1122 673 1184 praelatos
684 1135 726 1167 an·
766 1117 835 1175 bant,
847 1119 895 1168 nial
906 1120 938 1168 ad
948 1119 1037 1169 decem
1048 1120 1132 1168 atadia
1142 1119 1206 1167 muri
1215 1118 1295 1167 Athe·

196 1196 349 1259 tiquianimis
367 1205 418 1245 tres
430 1197 477 1246 aevi
489 1197 567 1246 intimi
585 1198 677 1246 Pallet.
690 1197 727 1243 in·
763 1197 889 1247 niensium
911 1198 1084 1248 diruerentur.
1125 1199 1295 1246 'ilrerameuea

196 1276 726 1339 quamoetavunr,uonum,etdeminquib.
764 1268 1295 1324 Lacedamonanriasuairaudihmeorem

197 1348 310 1398 diserte:
333 1351 410 1398 omnin
427 1351 488 1398 mala
508 1353 612 1413 exempla
623 1365 653 1399 ex
663 1351 728 1399 bonit
764 1349 894 1412 perduxit,
905 1356 934 1397 ut
945 1349 1058 1397 uuiverai
1075 1349 1140 1396 muri
1153 1349 1222 1411 longi
1233 1347 1294 1396 sub·

196 1429 249 1474 orta
259 1433 328 1474 mat:
340 1435 367 1474 et
375 1442 435 1474 vero
442 1426 463 1474 ai
476 1428 640 1476 attendamur
649 1428 729 1477 menti
765 1430 946 1484 verterentur,
957 1437 1035 1471 naves
1059 1423 1225 1472 traderentur
1246 1424 1295 1471 La-

196 1502 318 1562 unctoria,
330 1502 407 1550 lectio
420 1504 526 1551 istorum
535 1503 669 1552 verissima
679 1511 727 1553 ert.
764 1498 938 1559 ceremoniis,
948 1498 1041 1546 Piraei
1051 1512 1151 1562 quoque
1162 1498 1227 1546 muri
1235 1499 1296 1546 auh·

198 1575 323 1625 Gruterus.
764 1573 856 1623 ruendi
871 1580 954 1635 erant,
964 1573 1085 1636 Triginta
1105 1573 1152 1621 viri
1171 1573 1295 1622 instituti.

229 1652 277 1700 Sed
295 1653 335 1701 ubi
355 1655 480 1714 imperium
499 1657 530 1704 ad
549 1655 646 1717 ἐμω-οε
659 1658 728 1719 aare,
765 1649 1149 1712 ConstitutisautemTriginta‚
1162 1648 1295 1698 atatimda

196 1731 237 1777 ai
254 1728 331 1776 minui
349 1732 417 1777 lioaoa
434 1730 554 1792 peruenit]
581 1733 659 1796 Cinea,
679 1747 728 1780 non
765 1725 797 1774 iia
818 1725 861 1789 qni
879 1725 980 1774 illorum
999 1724 1230 1774 machinationibus
1257 1739 1296 1773 re·

197 1806 283 1867 reperi
295 1805 320 1853 in
331 1800 451 1854 vetustis'.
476 1806 506 1854 lu
516 1807 669 1858 Fabriciani>
680 1814 729 1869 eit,
764 1802 896 1865 etiterant,
902 1801 1030 1850 sententia
1040 1803 1067 1849 in
1075 1809 1165 1849 senatu
1175 1802 1229 1849 lata
1240 1808 1295 1850 est:

196 1881 228 1927 ad
244 1881 339 1940 ignnrm
355 1883 412 1940 eina,
429 1882 454 1930 id
473 1890 520 1944 est,
532 1883 643 1947 imperil:
669 1899 729 1932 nam
766 1879 881 1942 qrrarnria
901 1894 934 1927 ex
952 1880 1048 1942 populo
1068 1878 1147 1927 etiam
1167 1878 1205 1927 hia
1224 1877 1294 1926 milla

196 1952 244 2000 huc
255 1967 333 2014 rupra
345 1955 469 2015 scriptum
486 1959 577 2004 eratin
589 1959 674 2019 spatio
691 1958 729 2021 ip·
765 1968 839 2002 tuum
851 1954 972 2015 tribunal,
987 1954 1173 2018 judicandique
1187 1953 1298 2004 auctori-

196 2039 224 2074 ta
237 2027 305 2088 quod
318 2042 405 2074 versus
417 2028 523 2077 dirimit.
542 2031 635 2080 Rivius.
766 2035 846 2078 tatem
865 2029 1001 2077 haberent.
1035 2029 1133 2078 Judicii
1147 2029 1236 2076 modus
1253 2029 1297 2077 hie

228 2100 326 2148 Seduii
342 2101 465 2163 imperium
481 2106 512 2150 ad
528 2104 634 2165 ignarae]
662 2107 692 2156 V.
703 2121 727 2156 e.
764 2101 830 2152 fuitt
859 2103 979 2166 Triginta
1009 2103 1135 2152 sedebant
1158 2103 1297 2154 subselliis.

193 2175 283 2236 hahet,
294 2175 401 2236 gunnor.
422 2166 455 2225 Εἰ
468 2178 542 2239 paulo
555 2186 613 2241 post
625 2178 727 2227 videtur
763 2177 829 2226 Dua
848 2184 935 2234 autem
954 2191 1048 2225 manare
1069 2184 1130 2226 ante
1140 2177 1207 2240 ipson
1219 2185 1297 2228 erant

194 2253 348 2318 legendum:
361 2254 607 2317 tabular,aerter,pro
619 2254 727 2320 eoquod
763 2253 897 2303 collocata
910 2270 917 2303 r
942 2253 1071 2302 nonenim
1084 2254 1109 2302 in
1122 2269 1198 2303 urnae
1209 2255 1297 2304 calen-

195 2329 270 2392 vulgo
293 2330 397 2391 iegitur,
417 2329 508 2378 tabulae
527 2335 626 2380 vertrae.
659 2332 728 2380 Nam
763 2329 826 2390 lum,
836 2329 881 2377 aed
892 2330 917 2376 in
929 2343 1041 2378 mensam
1051 2331 1163 2379 omnium
1173 2344 1297 2392 conspee·

196 2406 283 2468 paullo
300 2406 475 2467 supradixit:
503 2407 590 2456 ‘Nam
609 2407 646 2456 uti
662 2406 729 2470 qula·
765 2405 805 2455 tui
822 2407 928 2455 mittere
939 2406 1087 2468 oportebat.
1120 2406 1162 2455 Ita
1179 2420 1212 2454 ex
1224 2412 1296 2455 metu

196 2493 245 2543 qua
258 2486 302 2527 aut
314 2480 479 2543 domum,aut
489 2481 585 2544 villam,
598 2492 729 2547 postremo
766 2497 840 2531 nemo
854 2482 945 2531 habuit
964 2481 1072 2531 liberum
1085 2482 1224 2544 judicium.
1257 2482 1296 2533 Ut

196 2568 250 2618 vae,
259 2562 304 2604 aut
317 2558 499 2608 vestimentum
515 2560 624 2623 alicujus
636 2575 729 2610 roncu·
766 2567 852 2608 autem
864 2573 914 2608 uuo
926 2559 1006 2607 verbo
1018 2559 1112 2618 dicam,
1126 2565 1252 2623 quotquot
1264 2559 1298 2608 ad

196 2630 315 2692 piverat.'
336 2633 417 2680 Uaria.
765 2643 882 2684 renatum
900 2634 993 2697 judicii
1015 2650 1094 2684 causa
1117 2637 1204 2685 vocati
1227 2641 1296 2698 eunt,

228 2705 268 2752 Aa
279 2706 375 2765 ignaros
385 2712 429 2753 nat
440 2708 517 2754 mirer
525 2707 596 2758 donor
610 2708 728 2771 peruenit]
766 2724 815 2772 quo
838 2718 952 2772 tempore
974 2711 1016 2774 qui
1045 2710 1165 2775 Triginta
1187 2712 1296 2776 impera·

196 2776 283 2827 Probe
298 2776 395 2826 factum
414 2793 429 2826 a
447 2780 578 2842 Carriona,
590 2783 657 2844 quod
677 2785 728 2844 aje-
765 2785 839 2846 bant,
857 2787 1051 2848 capitiaomnes
1063 2788 1226 2837 condemnati
1238 2794 1298 2837 erint

196 2852 262 2903 cerit
273 2868 361 2902 vocem
371 2855 441 2916 cirea,
453 2869 510 2917 quae
524 2864 600 2905 antea
613 2857 728 2906 adhoere·
765 2868 862 2923 praeter
875 2876 950 2908 uuimr
960 2862 1113 2924 Aguratum.
1130 2864 1196 2926 lpus
1208 2864 1295 2926 itaque

197 2932 243 2981 hat
254 2932 299 2995 illi,
309 2932 414 2994 ignarae,
426 2932 451 2979 in
461 2932 502 2981 ed.
516 2931 609 2982 Aldina
618 2942 645 2983 et
656 2949 727 2998 seqq.
765 2936 853 2999 initiis,
865 2951 940 2985 secus
959 2947 1037 3001 atque
1057 2941 1192 2988 Sallustius
1210 2940 1298 2988 eniati·

197 3021 248 3057 non
266 3009 342 3056 etiam
361 3008 506 3071 prioribua;
533 3009 558 3057 in
576 3010 666 3073 quibua
678 3024 727 3058 non
764 3019 828 3071 mat,
838 3012 953 3073 Triginta
971 3013 1007 3060 illi
1028 3016 1118 3078 llerup.
1134 3016 1199 3064 male
1215 3015 1297 3065 admi·

195 3085 277 3147 magia
289 3085 381 3134 visitur
390 3100 465 3148 quam
477 3086 502 3134 iu
511 3084 663 3135 membranis
672 3100 728 3135 noa·
764 3089 912 3138 nistrarunt.
958 3092 1041 3141 Quam
1071 3095 1184 3143 enormia
1209 3102 1298 3156 postea

200 3158 256 3209 tria.
274 3162 402 3208 Gruterus.
764 3167 902 3216 eorundem
915 3168 1021 3217 crimina
1037 3167 1146 3233 fuerint,
1163 3179 1192 3220 ut
1203 3187 1235 3220 ne
1246 3185 1298 3219 ma·

223 3233 496 3284 Lucedaemoniiderietir
502 3236 653 3302 Athona]
661 3238 727 3288 Vide
759 3250 819 3312 jora
830 3242 891 3306 tingi
904 3245 1043 3307 potuerint,
1055 3246 1095 3292 vel
1106 3248 1221 3294 oratione
1230 3260 1298 3293 com-

196 3307 328 3358 Juatinum
349 3310 414 3355 libro
432 3311 533 3372 quinto,
550 3328 607 3374 cap.
626 3321 728 3373 octavo,
765 3319 900 3380 prehendi,
912 3321 991 3368 docet
1003 3320 1091 3380 Lysian
1105 3327 1196 3368 contra
1206 3321 1296 3367 Erato·

195 3397 272 3438 ³⁰⁰⁰,
292 3391 319 3430 el
338 3392 455 3445 sequent.
485 3387 583 3435 Seneca
601 3389 633 3437 de
650 3391 727 3437 Tran-
765 3394 890 3444 athenam.
923 3395 1027 3442 Privata
1047 3394 1163 3442 simultas
1182 3408 1227 3455 pro
1247 3394 1296 3441 cri·

196 3456 334 3521 quillitate,
351 3461 358 3484 *
373 3459 481 3520 triginta
495 3462 624 3522 tyranuoa’
641 3474 726 3515 vocat.
764 3468 832 3517 mine
849 3474 912 3516 erat.
950 3467 1102 3527 Locupletaa
1114 3468 1182 3514 cirea
1194 3465 1296 3515 occide·

195 3533 368 3582 ‘Poteratne'
390 3533 485 3597 (iuquit
497 3536 605 3599 ibidem)
622 3538 727 3588 ‘illuni
766 3543 867 3602 bantur,
887 3551 915 3589 ut
932 3556 994 3603 opes
1016 3556 1102 3588 rorum
1121 3542 1169 3588 aibi
1183 3541 1296 3590 vindica·

195 3610 263 3660 vitan
275 3612 467 3672 ronquieacere,
479 3612 504 3660 iu
516 3628 568 3676 qua
580 3621 619 3662 tot
628 3615 726 3678 Tyran·
765 3627 823 3667 rent
835 3619 947 3680 tyranni,
964 3631 1090 3677 pauperes
1109 3616 1172 3663 duos
1187 3627 1245 3664 erim
1258 3618 1297 3666 di·

195 3688 232 3751 ni,
245 3696 283 3740 tot
294 3690 426 3739 satellites
447 3702 531 3754 erant,
542 3708 589 3742 nae
601 3708 659 3756 apes
671 3696 726 3757 qui·
766 3695 858 3742 vitibus
881 3693 1082 3754 prehenderunt,
1101 3707 1133 3739 ne
1145 3692 1294 3743 divitiarum

195 3765 254 3815 dem
266 3766 318 3812 ulra
329 3766 484 3826 recipienda
497 3769 625 3816 libertarit
638 3770 726 3818 animia
766 3785 843 3821 cansa
852 3769 944 3818 seciae
958 3770 1121 3829 viderentur,
1143 3777 1198 3817 tota
1214 3772 1296 3835 Resp.

198 3848 303 3905 poterat
322 3839 432 3900 otlerri;¹
458 3845 526 3891 etin
543 3854 727 3908 aequantem·
765 3847 938 3895 innocentium
959 3845 1092 3906 aanguine,
1110 3847 1232 3908 tumultu,
1242 3844 1296 3895 sac·

197 3919 255 3968 dem
268 3917 372 3967 dominor
382 3918 517 3981 indigeret.
537 3921 651 3982 agellius
662 3922 727 3970 libro
765 3922 877 3973 tionibus
889 3923 1016 3970 turbatur.
1035 3922 1106 3986 Thya.

197 3995 515 4059 decinioaeptimo,caprte
537 3998 656 4059 vigesimo
676 3999 727 4060 pri·
800 4000 848 4054 Qui
859 4015 931 4062 remp.
953 4015 1031 4047 eorum
1049 4004 1190 4065 tractarent]
1214 4001 1256 4050 stc
1268 4011 1297 4052 et

196 4083 237 4119 mo
247 4075 268 4121 :⁴
279 4071 320 4120 Ad
329 4086 421 4119 annum
432 4072 618 4121 ronditaeurbia
627 4082 727 4123 trecen·
766 4078 968 4137 ritanuscriptum
987 4083 1113 4125 volumen.
1147 4077 1178 4125 In
1191 4078 1296 4139 impres·

198 4150 316 4199 taaimum
338 4151 560 4216 quadragesimum
582 4152 729 4216 septimum,
766 4155 799 4201 nir
820 4152 1011 4214 vetustioribus,
1034 4168 1082 4200 non
1103 4161 1247 4216 luteorum,
1266 4166 1297 4202 aa

199 4224 311 4291 trigiam
329 4227 367 4278 illi
379 4229 480 4296 tyranni
491 4228 624 4297 prepositi
642 4235 731 4281 runta
767 4229 851 4282 omitti
862 4229 930 4282 eitra
946 4227 1131 4280 detrimentum
1148 4241 1238 4279 rennui
1250 4242 1295 4293 po·
