3000 5040
478 398 528 449 ns
550 400 583 449 o.
601 400 867 452 c.sa1.r.usrro.
1154 385 1219 451 793

126 540 192 599 Fuit
204 548 235 600 et
243 539 365 617 Crispus
373 540 524 600 Sallustius
533 541 635 617 junior
645 543 765 612 Rhetor,
775 543 811 601 de
822 563 883 620 quo
897 543 1124 621 intelligendum,
1136 544 1219 622 quod

126 636 153 693 in
176 635 281 712 priscis
301 636 399 694 Taciti
419 646 449 695 et
470 637 585 713 Apuleii
607 639 757 697 codicibus
781 640 951 699 Florentinis
976 640 1056 699 aiunt
1079 640 1219 717 reperiri:

126 738 135 763 ⁴
151 732 213 807 Ego
226 732 347 808 Crispus
362 732 511 791 Sallustius
526 733 581 810 legi
603 742 633 792 et
654 734 806 793 emendavi
827 736 928 792 llomae
944 735 1034 805 loelix,
1051 736 1174 813 Olybrio
1189 744 1220 796 et

125 825 255 884 Probino
280 829 363 886 Coss.
388 828 415 887 in
444 828 508 887 loro
537 830 640 888 Martis
668 832 879 890 controversias
906 831 1073 890 declamans
1101 832 1220 892 Oratori
1266 894 1273 908 ,

126 921 322 981 Endelechio.'
361 925 430 981 Non
452 926 543 1002 plane.
554 925 692 1000 intelligo,
708 926 778 1001 qnid
797 928 859 984 haec
874 929 962 985 verba
977 928 1034 986 sibi
1051 929 1148 998 velint,
1164 945 1221 986 nec

126 1034 186 1092 quo
209 1025 339 1093 tempore
363 1018 501 1094 Olybrius
530 1038 598 1076 cum
627 1020 754 1076 Probiuo
778 1022 960 1079 consulatum
984 1025 1121 1096 gesserit:
1152 1024 1222 1082 licet

127 1110 279 1188 Olybrium
302 1111 449 1169 consulem
475 1111 561 1168 fuisse
585 1120 700 1169 constet
721 1131 768 1168 au.
791 1113 826 1169 C.
849 1114 917 1172 526.
938 1126 1006 1172 aute
1031 1118 1221 1186 Mavortiam,

127 1222 215 1282 quern
237 1207 264 1263 in
286 1206 469 1264 emendando
484 1207 607 1263 Horatio
627 1206 728 1265 Felix¹
744 1216 841 1263 orator
866 1208 944 1265 urbis
970 1209 1073 1268 Ronrae
1094 1210 1221 1286 adjuvit.

128 1300 186 1357 Alii
201 1303 239 1368 Q.
254 1301 407 1359 Sallustius
422 1301 543 1359 Hermes
565 1310 594 1357 et
617 1302 655 1367 Q.
671 1299 827 1357 Sallustius
846 1301 924 1358 Felix
947 1303 975 1360 in
998 1314 1058 1362 vet.
1071 1305 1221 1382 epitaphio

125 1413 172 1471 ap.
189 1395 354 1454 Muntlauc.
365 1395 556 1473 Antiquitatis
570 1396 723 1472 explicatae
735 1398 822 1455 Τοια.
834 1413 866 1455 v.
882 1398 1076 1474 supplementi
1091 1419 1159 1478 pag.
1170 1399 1221 1461 65.

126 1492 335 1570 tangxvrrr.
351 1501 381 1549 et
395 1508 496 1549 xx1x.
533 1491 578 1548 De
589 1490 729 1549 Sallustio
744 1501 802 1550 vet.
817 1493 964 1551 Historico
978 1493 1109 1552 conferre
1123 1495 1224 1555 licebit

127 1588 204 1646 Dan.
222 1588 305 1646 Guil.
321 1587 435 1645 lllolleri
455 1586 688 1646 dissertationem
703 1588 813 1646 editam
835 1587 971 1647 Altdorlii
994 1589 1081 1649 1684.
1096 1600 1127 1648 et
1147 1600 1222 1650 orat.

128 1684 235 1742 Christ.
252 1684 358 1753 Coleri,
384 1684 518 1742 Norimb.
548 1692 633 1754 1598.
650 1695 679 1744 8.
712 1686 808 1744 Vitam
824 1686 962 1763 scriptam
976 1704 993 1744 a
1006 1687 1090 1745 loan.
1106 1687 1223 1746 Clerico

127 1779 199 1857 [vid.
216 1800 245 1857 p.
261 1791 307 1849 17.
321 1780 368 1838 ed.
381 1781 479 1857 praes]
493 1790 523 1838 et
536 1781 565 1838 iu
577 1782 681 1839 Wassii
693 1781 763 1840 edit.
775 1783 891 1840 obviam
908 1783 1033 1840 servavit
1047 1783 1076 1840 in
1088 1782 1156 1841 Sall.
1168 1801 1224 1841 suo

129 1876 262 1952 Cajetan.
274 1877 413 1953 Vulpius:
436 1877 525 1934 etiam
534 1877 692 1955 Thyvonus
707 1879 868 1936 translatam
880 1880 1003 1938 Gallicae
1019 1898 1079 1936 suae
1089 1879 1223 1955 adjunxit

129 1972 259 2042 versioni,
283 1974 332 2030 sed
366 1973 472 2031 additis
500 1973 808 2043 animadversionibus,
835 1974 961 2032 Sallustii
994 1972 1101 2031 lamam
1126 1973 1225 2033 delen·
1339 1997 1342 2003 ·

129 2067 276 2126 dentibus.
298 2069 415 2127 Citatur
423 2068 490 2128 Sall.
498 2071 630 2127 aGraco
640 2070 779 2144 scriptore
788 2070 835 2128 Jo.
845 2069 1027 2126 Antiocheno
1038 2070 1065 2127 in
1077 2070 1224 2148 excerptis

81 2203 83 2209 »
130 2163 317 2222 Peirescianis
340 2183 371 2240 p.
397 2173 467 2232 793.
493 2166 550 2222 Καὶ
575 2165 765 2222 Σαλλαΰστιος
786 2166 801 2221 ὁ
820 2164 955 2241 Ῥωμαῖος
975 2162 1151 2242 συγγραφεὺς
1172 2168 1225 2243 ἔφη

129 2264 224 2318 roheis
235 2262 320 2319 αὑτὸν
328 2263 389 2334 (τὸν
398 2261 526 2331 Σύλλαν)
537 2262 723 2338 ἐγχειρήμασι
739 2262 867 2318 κάκιστον
879 2262 1083 2338 ἐπενηνοχέναι
1093 2261 1123 2318 τὸ
1135 2265 1223 2319 τέλος.

128 2355 272 2413 Codicem
287 2358 347 2413 Ms.
362 2356 432 2413 Sall.
456 2365 600 2432 repertum
622 2357 650 2413 in
673 2358 808 2415 coenobio
830 2355 1084 2414 Benedictinorum
1107 2355 1225 2415 Martis·

130 2450 265 2527 burgensi
279 2453 327 2511 Jo.
338 2450 439 2508 Rivius
453 2452 593 2509 utendum
608 2469 638 2510 se
649 2453 795 2528 accepisse
809 2461 929 2511 testatus
940 2459 984 2509 est
998 2453 1066 2510 aG.
1079 2450 1224 2511 Fabricio.

130 2546 202 2603 Msti
217 2546 261 2603 sui
276 2546 343 2605 cod.
355 2546 405 2622 qui
419 2546 547 2604 Reiuesii
561 2547 630 2605 olim
640 2547 710 2618 luit,
726 2549 857 2606 meminit
867 2548 994 2606 Conrad.
1009 2550 1089 2606 Sam.
1100 2547 1226 2605 Schnrr·

131 2639 238 2699 lleisch.
254 2641 365 2718 praelat.
381 2642 418 2699 ad
434 2643 574 2720 Orthogr.
592 2643 656 2701 Lat.
688 2646 822 2712 Quatuor
836 2643 926 2703 codd.
942 2645 1010 2702 Mss.
1025 2643 1093 2701 Sall.
1108 2643 1225 2719 Tegna·

130 2738 222 2815 gelius
243 2739 272 2795 in
288 2738 363 2795 Bibl.
379 2738 532 2808 Casarea;
555 2738 712 2797 duodecim
738 2739 889 2798 Mediceos
913 2738 1014 2797 laudat
1039 2737 1174 2796 Norisius
1196 2737 1226 2795 in

131 2834 319 2911 cenotaphiis
343 2834 453 2894 Pisanis
477 2854 545 2914 pag.
568 2835 638 2896 463.
661 2844 757 2894 ternos
779 2836 865 2893 etiam
889 2854 981 2912 nuper
1002 2833 1129 2892 babebat
1150 2833 1226 2892 Bibl.

132 2931 360 3008 Rostgaardiana
375 2952 404 3008 p.
421 2932 492 2992 464.
534 2933 639 2992 liabeo
660 2942 689 2991 et
710 2933 770 3010 ipse
791 2932 874 2990 binos
890 2931 958 2990 Sall.
974 2929 1062 2989 codd.
1077 2949 1134 2988 non
1157 2949 1228 2989 con·

133 3025 313 3096 temnendos,
323 3028 448 3104 scriptos
459 3028 487 3084 in
500 3028 774 3105 membrana,atque
785 3027 814 3084 in
827 3027 871 3084 his
884 3044 971 3082 unum
984 3024 1226 3099 antiquissimum.

133 3121 230 3179 Ambo
245 3132 348 3179 nactus
370 3142 433 3179 sum
454 3141 470 3178 e
492 3122 568 3179 Bibl.
583 3124 619 3179 V.
633 3123 669 3179 C.
686 3119 855 3198 Marquardi
869 3118 972 3177 Gudii.
1015 3119 1058 3175 Ex
1073 3116 1175 3176 eadem
1188 3117 1227 3175 ad

132 3234 177 3273 me
187 3227 380 3293 pervenerunt
395 3218 535 3294 quoque²
550 3216 689 3275 lectiones
703 3217 828 3275 (luorum
843 3214 1228 3274 codd.membranaceorum

133 3311 314 3372 Catbedralis
330 3314 442 3372 Eccles.
460 3312 620 3381 Remensis,
637 3331 709 3390 quas
727 3312 856 3370 enotavit
876 3309 954 3368 idem
969 3309 1012 3366 vir
1032 3308 1229 3375 doctissimus,

37 3413 48 3434 ⁸
134 3414 254 3468 testatus
276 3409 517 3495 prioremlorma
540 3409 721 3485 oblongiore,¹
750 3417 781 3467 ut
802 3416 935 3485 quartam
956 3405 1042 3482 paulo
1062 3401 1229 3471 excederet,

134 3503 275 3579 scriptum
290 3523 366 3563 anno
381 3521 556 3564 mcnxvrrr.
566 3505 725 3563 indictione
736 3504 838 3580 prima.
872 3500 1017 3561 Librarius
1028 3515 1132 3554 nomen
1144 3515 1229 3555 suum

135 3597 265 3673 prodidit
278 3589 322 3655 his
336 3601 449 3657 verbis:
470 3609 478 3631 ⁸
494 3601 604 3656 Omnes
618 3599 668 3674 qui
683 3597 785 3654 lecturi
798 3596 878 3664 estis,
892 3602 972 3650 orate
988 3611 1041 3669 pro
1053 3591 1229 3650 Matthaeum

135 3692 315 3768 scriptorem,
337 3702 368 3750 ut
383 3693 479 3749 Deum
501 3711 615 3767 semper
637 3692 742 3750 lrabeat
762 3689 1002 3766 propitiatorem.'
1042 3687 1124 3745 Alter
1142 3705 1229 3745 mem·

136 3788 294 3846 branaccus
315 3787 344 3844 iu
360 3796 475 3864 quarto,
490 3805 632 3846 annorum
653 3785 778 3863 amplius
800 3784 1056 3862 septingentorum.
1099 3784 1230 3842 Omnino

627 3944 734 3995 NOTAE

171 4046 177 4070 ¹
196 4043 264 4093 Vide
275 4044 336 4094 Pet.
348 4041 454 4093 notandi
465 4043 555 4092 Festos
567 4043 664 4092 Consu·
704 4042 760 4090 misi
771 4042 804 4091 ad
816 4041 900 4091 Gottl.
908 4040 1041 4098 Conium,
1054 4037 1097 4101 qui
1108 4036 1160 4084 illis
1171 4047 1231 4083 usus

137 4122 203 4169 lares
214 4136 242 4189 p.
253 4125 309 4173 sao.
704 4126 744 4168 est
753 4118 787 4167 ad
799 4117 951 4183 praeclaram
961 4130 1033 4167 snam
1044 4113 1107 4171 edit.
1117 4109 1233 4167 Sallustii

170 4194 264 4248 ΖΤιαι
272 4200 349 4249 hosce
358 4198 434 4251 codd.
443 4213 466 4251 ιι.
475 4202 545 4252 trra
553 4197 666 4249 libenter
705 4193 888 4251 edomandam.
