2994 5040
406 370 559 422 asennaa
581 372 750 426 cirinus.
786 377 870 428 uir.
892 365 948 432 47.
1165 368 1231 437 tm

119 521 196 566 tores
214 512 295 564 inisse
310 514 492 578 comperimus,
508 517 543 568 Q.
560 516 656 567 iletei·
692 517 835 570 baberent:
860 523 929 587 qnod
949 538 1008 576 cnm
1026 523 1156 575 aSenatu
1168 538 1228 576 con·

122 591 177 641 iarn
197 590 323 654 Celerem,
333 592 365 643 0.
379 592 533 655 Pompeium
550 591 657 654 linium,
692 607 795 645 cessum
816 595 893 662 toret,
913 600 982 650 viros
1004 600 1070 650 duos
1093 615 1228 663 creavere,

125 667 156 718 1..
177 666 307 715 Valerium
328 667 459 731 Flaccum,
482 669 513 718 C.
538 669 655 732 Pompti-
694 684 756 734 quos
774 673 903 724 ministros
914 676 1084 741 tribunorum,
1101 684 1129 726 et
1149 678 1227 728 colie-

124 743 206 802 nlnm,
214 744 352 792 Lentulum
358 743 459 804 Suram,
469 743 657 807 C.Snipitinns,
694 761 740 809 gas
752 747 906 815 judicesque
917 760 1087 817 rocaverunt,
1099 753 1178 819 hique
1195 768 1230 804 or·

124 817 158 868 tie
177 833 227 883 qno
243 833 330 883 supra,
350 833 408 868 curn
427 820 462 869 de
481 820 600 884 Cethego
618 821 656 871 lo·
694 820 759 871 diies
779 823 865 886 plebei
885 823 949 875 dicti
965 834 1040 876 sunt:
1058 829 1152 879 deinde
1168 843 1229 880 cant

124 910 270 960 queremur,
295 896 453 945 mentionem
479 894 598 955 fecimus,
624 897 655 947 C.
693 899 1228 963 iterumpiebsconteutiuucmaximacum

125 967 287 1033 cataoniam,
304 970 404 1035 dequo
421 973 514 1022 Cicero
532 973 560 1022 in
577 973 655 1024 Orat.
694 976 811 1039 patribus
833 977 995 1040 cenavisset,
1018 993 1048 1027 ac
1072 980 1176 1029 tandem
1198 986 1230 1029 nt

124 1062 171 1112 pro
191 1049 274 1099 Sulla.
308 1048 446 1111 Appianas
466 1049 540 1098 addit
561 1050 656 1100 Cethe·
694 1054 762 1102 alter
782 1068 816 1102 ex
839 1055 986 1104 consulibus
1006 1054 1123 1119 plebejus
1143 1055 1230 1119 fimet,

121 1138 198 1188 gum3
216 1125 264 1173 seri
275 1123 319 1189 (ut
336 1139 414 1189 snpra
425 1125 548 1194 diximus)
558 1127 656 1194 decipi·
693 1128 858 1189 obtinuisset,
869 1135 958 1192 patres
975 1144 1023 1193 pro
1039 1128 1230 1179 communitate

123 1209 175 1251 tur.
210 1202 278 1250 Cast.
694 1204 765 1269 plebi
777 1206 923 1268 consulatu,
942 1206 1094 1271 aedilitatem
1114 1204 1191 1253 simui
1204 1211 1232 1254 et

158 1277 655 1343 P.1aestatoaptntm]v1tier.ltiax.
693 1286 835 1345 praetnram
851 1281 1027 1331 vindicarunt.
1063 1281 1179 1330 Primum
1197 1297 1234 1332 ae·

124 1366 166 1404 ιι.
187 1358 226 1403 15.
252 1353 490 1406 ‘Generosissimus
507 1358 656 1408 consulatus
694 1356 759 1407 tilies
778 1358 880 1408 curules
893 1358 942 1408 Cu.
959 1358 1088 1409 Quintum
1109 1357 1234 1421 Capitoli·

123 1430 233 1494 collegio
243 1431 346 1489 Lentuli
365 1440 393 1481 et
409 1433 514 1484 Metelli
526 1432 595 1493 iuit3
611 1433 657 1498 qui
694 1447 755 1483 uum
773 1442 802 1485 et
818 1435 850 1484 P.
863 1435 1013 1486 Cornelium
1028 1435 1186 1497 Scipionem,
1196 1449 1230 1483 ex

125 1505 328 1556 mboinscena
342 1508 657 1572 proptersimilituriinem
695 1509 814 1571 patribus
841 1504 1013 1560 creaverunt:
1047 1517 1141 1572 postea
1171 1522 1231 1557 curn

124 1580 658 1649 histrionnmpropemudnmspectatisnnt.
695 1583 781 1634 iulius
797 1584 886 1633 Cesar
904 1599 988 1633 rerum
1009 1584 1149 1648 patiretur,
1168 1590 1231 1632 tnnc

125 1657 251 1709 Sedatter
262 1673 295 1708 ex
307 1660 417 1722 quodam
428 1662 586 1710 asseclarum
596 1675 657 1724 eug·
696 1658 807 1722 primum
819 1672 865 1706 sex
883 1659 973 1708 adite·
992 1660 1075 1708 creati
1086 1666 1162 1708 sunt:
1181 1659 1233 1707 duo

125 1748 219 1786 nomen
239 1735 387 1799 Spintheris
404 1736 502 1785 traxit:
528 1737 596 1786 aiter
610 1736 661 1786 nisi
698 1733 815 1796 patricii,
826 1733 870 1798 qni
889 1733 1009 1782 Cereales
1028 1734 1102 1796 dicti,
1114 1736 1174 1799 quia
1185 1749 1231 1785 cu·

125 1812 240 1875 Nepotis
259 1825 274 1859 a
290 1811 403 1860 moribus
414 1811 568 1873 accepisset,
586 1813 661 1861 Pam·
700 1821 756 1856 ram
765 1814 886 1871 gererent
895 1821 1001 1857 annonae
1013 1806 1129 1873 forensis,
1139 1809 1232 1874 copie·

124 1887 192 1951 phili
203 1885 310 1947 retiarii,
321 1887 364 1935 cui
374 1886 518 1936 simillimus
528 1901 586 1936 esse
595 1886 662 1938 iere·
700 1899 751 1948 que
775 1883 946 1934 cibariorum:
974 1891 1084 1948 quatuor
1111 1900 1170 1934 sero
1197 1900 1231 1936 ex

126 1961 376 2026 butnr,hahuisset.'
408 1963 498 2013 Zoneh
699 1958 787 2025 plebe,
808 1967 839 2009 ut
858 1960 926 2009 Dion
947 1962 964 2010 1.
985 1973 1066 2010 ιιιιι.
1087 1960 1126 2009 his
1145 1960 1233 2010 verbis

159 2039 192 2088 P.
212 2038 314 2088 minio
335 2038 471 2102 spintheri]
498 2039 530 2090 ld
554 2048 605 2105 ert,
627 2042 659 2093 Ρ,
699 2035 830 2086 meminit:
857 2037 895 2085 rai
916 2037 940 2085 tr
958 2035 1002 2098 niv
1018 2036 1047 2085 rb
1064 2040 1155 2101 πρῶτον
1171 2037 1235 2100 ires,

126 2115 204 2166 Corn.
224 2116 302 2166 Iieut.
324 2117 367 2180 qui
386 2122 475 2180 postea
493 2118 616 2180 Spinther
632 2119 659 2169 in
697 2112 809 2179 πρότερον
826 2113 866 2162 καὶ
886 2111 1035 2178 ἆγορᾶνομθι,
1056 2114 1113 2163 rire
1132 2117 1234 2178 τριῖπον,

127 2192 271 2254 consulatu,
292 2191 362 2257 quod
385 2192 516 2257 Spintheri
541 2194 659 2244 histrioni
696 2188 737 2240 δύο
755 2189 799 2252 μὲν
818 2190 857 2239 rei
875 2190 900 2251 ἐξ
919 2191 1072 2253 εὐπατριδῶν,
1081 2187 1196 2252 ricoapes
1207 2189 1233 2238 ii

127 2268 267 2326 simillimus
278 2274 346 2329 erat,
365 2269 560 2332 cognominatus
570 2278 619 2333 est,
629 2277 659 2320 ut
696 2267 724 2316 br
735 2269 779 2315 τοῦ
789 2265 900 2324 πλήθους.
917 2263 950 2315 ὧν
969 2265 991 2313 oi
1007 2263 1047 2312 tio
1061 2263 1107 2321 τὴν
1126 2263 1172 2311 iri
1191 2266 1235 2321 τῆς

127 2343 244 2395 referunt
254 2346 343 2395 Vaier.
355 2358 394 2396 ιι.
406 2350 447 2396 ib.
460 2353 487 2395 et
497 2347 598 2396 Plinius
610 2362 659 2398 vn.
697 2343 813 2407 tinum
835 2343 959 2400 ἐπίκλησιν
981 2339 1099 2406 φέρουσιν.
1134 2340 1234 2391 Horum

129 2418 171 2470 ta.
203 2421 298 2469 Consul
313 2420 460 2470 antemisit
477 2436 534 2471 eum
551 2422 661 2472 Metello
698 2420 858 2483 precipuum
870 2434 961 2468 munus
972 2425 1038 2482 erat,
1050 2417 1130 2482 urbis,
1140 2419 1234 2468 aedium

130 2494 247 2557 Nepote,
258 2508 323 2544 anno
341 2503 401 2559 post
417 2497 518 2547 Urbem
529 2497 662 2547 conditum
699 2509 840 2558 sacrarum,
857 2495 1030 2558 publicarum,
1049 2509 1135 2543 curam
1147 2508 1235 2559 agere.

130 2574 189 2619 tm
216 2571 243 2618 in
270 2585 320 2635 qno
345 2572 497 2636 magistratu
523 2572 661 2622 maximam
700 2572 733 2621 ad
753 2585 849 2636 eosque
869 2568 1019 2618 absentibus
1041 2569 1082 2618 vei
1101 2571 1233 2634 impeditis

130 2646 238 2711 gloriam
250 2645 359 2710 adeptus
369 2654 417 2711 est,
430 2648 497 2714 quod
509 2648 662 2698 Ciceronem
699 2648 845 2698 consulibus
857 2662 957 2697 summa
968 2661 1064 2709 rerum,
1073 2654 1100 2698 et
1111 2640 1234 2713 majestas

129 2722 244 2773 reduxit.
283 2724 375 2774 Cicero
397 2731 425 2775 et
445 2726 516 2775 Dion
538 2726 556 2774 Ι.
576 2738 617 2775 ιι.
634 2725 662 2774 in
700 2725 842 2776 consularis
863 2725 964 2790 imperii
980 2740 1051 2790 saepe
1069 2726 1156 2776 delata
1176 2734 1233 2776 eat:

130 2802 253 2852 Civilibus
275 2801 351 2852 bellis
378 2803 551 2868 Pompejanes
572 2809 661 2868 partes
699 2803 725 2853 hi
748 2803 882 2868 praecipue
905 2801 1038 2863 curabant,
1065 2812 1094 2853 ut
1122 2802 1234 2854 aedilicia

129 2884 232 2928 recatus
244 2884 295 2940 est,
312 2884 340 2927 ut
352 2877 473 2929 discimus
482 2895 540 2929 cum
550 2894 583 2929 ex
595 2881 661 2944 aliis,
699 2881 804 2946 publica
820 2881 973 2945 privataque
992 2881 1097 2941 tierent,
1116 2888 1147 2929 ut
1169 2889 1235 2928 tern-

131 2962 184 3004 tnrn
194 2955 306 3004 maxime
316 2969 349 3004 ει
359 2955 472 3006 Cesare.
506 2958 573 3006 Cast.
700 2958 753 3022 pia,
762 2958 874 3019 theatra,
885 2955 952 3017 sora,
971 2958 1097 3018 porticus,
1115 2955 1195 3003 curiae
1207 2959 1236 3003 et

165 3030 214 3084 Qnt'
234 3036 284 3079 tam
302 3031 380 3080 odilis
398 3030 461 3094 erut]
485 3032 536 3081 Seu
555 3032 662 3082 eurulis.
699 3034 821 3095 basiliere,
831 3039 910 3096 atque
919 3027 1164 3092 muenirmagnifieis
1176 3042 1237 3091 ope-

131 3104 202 3155 Plin.
213 3118 252 3155 ιι.
262 3111 302 3157 su.
323 3107 384 3157 ‘his
404 3109 437 3158 P.
448 3109 573 3158 Lentulus
588 3110 662 3174 Spin·
700 3110 770 3158 ribus
779 3107 950 3158 reficerentur
959 3111 988 3154 et
996 3102 1236 3169 ornarentur,quod

134 3183 194 3232 ther
212 3183 293 3231 aedilis
311 3186 415 3248 curulis,
434 3185 531 3249 primus
548 3185 575 3234 in
597 3199 664 3249 prae-
701 3187 757 3236 Cic.
780 3187 805 3234 iu
829 3198 874 3235 m.
904 3184 937 3235 de
966 3182 1078 3249 Legibus
1106 3181 1237 3234 ostendit:

82 3258 91 3275 ⁸
133 3269 209 3312 terta
225 3277 283 3312 urus
293 3263 404 3329 dibapha
414 3264 591 3328 improbatur:
613 3278 664 3328 qna
702 3263 710 3291 ‘
721 3262 804 3311 Suuto
816 3261 905 3310 ediles
924 3267 1057 3310 curatores
1069 3259 1149 3322 urhis,
1159 3274 1236 3311 anno-

132 3354 250 3407 pnrpura
261 3341 315 3406 qais
331 3356 381 3391 non
396 3340 470 3405 jann*
490 3340 584 3405 inquit,
600 3338 665 3389 ‘tri
702 3355 752 3402 nn,
768 3338 949 3403 ludorumque,
964 3338 1065 3402 illisque
1082 3337 1114 3386 ad
1132 3335 1236 3389 honoris

132 3415 241 3466 elinaria
259 3414 347 3467 faciti'
372 3415 499 3480 Spinther
513 3412 664 3476 aediiist'uit,
703 3414 832 3480 amplioris
860 3413 967 3478 gradum
992 3413 1089 3478 primus
1117 3428 1236 3464 accessus

132 3492 211 3542 Urbis
222 3493 334 3542 conditae
346 3507 413 3543 runo
428 3490 665 3558 septingentesimo,
703 3490 776 3542 esto!
793 3490 868 3541 idern
879 3491 905 3539 in
916 3495 941 3542 7.
954 3491 1043 3540 Vernz
1068 3491 1076 3517 ‘
1090 3490 1167 3540 Nune
1179 3504 1236 3558 snrn

132 3568 217 3619 Cicer.
235 3564 357 3619 Consule.
703 3567 853 3630 designatus
875 3566 968 3629 aedilis,
989 3567 1043 3615 scio
1070 3564 1133 3616 mihi
1160 3565 1236 3615 iudos

167 3645 215 3700 Qui
226 3650 277 3694 tem
287 3645 366 3694 cdriir
375 3643 440 3708 nat]
464 3643 606 3709 Postquam
619 3643 664 3694 tri·
703 3645 874 3694 sanctissimos
885 3645 996 3693 maxima
1006 3657 1064 3692 curn
1074 3642 1237 3704 caeremonia,

133 3721 197 3769 buni
209 3721 291 3782 plebis
309 3721 391 3770 creati
404 3720 519 3784 inerunt,
529 3720 603 3785 plebs
620 3736 665 3785 pe·
704 3720 804 3782 Cereri,
813 3720 916 3781 Libero,
925 3718 1075 3784 Liberaeque
1085 3718 1236 3771 faciundas:

134 3795 180 3844 tiit
198 3809 213 3842 a
229 3795 334 3859 Senatu,
344 3801 375 3847 ut
385 3797 551 3860 permitteret
567 3797 616 3847 sihi
629 3797 666 3846 bi·
703 3798 875 3849 mibiFiuram
886 3801 993 3846 matrem
1002 3800 1090 3863 popall
1100 3797 1236 3864 plebisque

135 3884 184 3921 nos
202 3869 268 3919 ritus
279 3874 413 3935 quotannis
431 3873 549 3938 piebejos
567 3888 666 3937 creare,
704 3863 828 3927 Romame
839 3873 958 3923 ludorum
968 3876 1122 3925 celebritate
1134 3872 1240 3936 piscan-

134 3946 180 4013 qni
200 3945 286 3994 omnia
305 3933 413 3998 tribunis
432 3950 667 4012 subministrarent,
704 3951 777 4001 darn:
803 3951 865 4001 mihi
884 3950 957 4001 iudos
976 3950 1174 4015 antiquissimus,
1193 3941 1237 4007 qul

135 4039 193 4089 qne
212 4023 251 4072 eis
270 4037 336 4087 opus
354 4033 453 4078 esseut:
472 4034 500 4078 et
520 4036 550 4077 ut
564 4026 668 4092 judica·
705 4027 780 4092 primi
793 4019 1238 4083 Romanisuntnominati,mnxima

135 4106 194 4150 rent
209 4113 253 4149 ees
264 4113 366 4164 causas,
377 4116 440 4167 quas
451 4104 501 4167 ipsi
512 4104 551 4154 eis
561 4102 667 4168 permit·
705 4120 763 4155 cum
781 4104 910 4168 dignitate
928 4118 958 4152 ac
976 4099 1098 4164 religione
1109 4095 1180 4159 Juvi,
1190 4096 1237 4158 Ju-

138 4183 233 4240 terent,
254 4191 285 4227 ac
306 4192 438 4229 sacrorum
454 4179 667 4245 publicorumque
704 4181 776 4243 noni,
802 4179 981 4242 Minervaeque
1009 4189 1064 4222 esse
1085 4170 1236 4228 faciendos:

138 4250 262 4320 iecorum,
272 4260 301 4305 et
309 4252 451 4321 ιβιειιιίιι
461 4253 569 4308 ioremis
580 4269 668 4307 curam
705 4254 768 4306 nihi
778 4259 860 4304 totam
871 4251 963 4304 urbem
973 4247 1093 4303 tuendam
1104 4263 1160 4302 esse
1171 4266 1239 4305 cens·
