3000 5040
194 352 260 421 428
548 367 657 416 uorsa
681 362 881 413 vsaronuu
907 363 947 411 ru

194 509 295 576 poculis
307 512 501 571 erantpatera,
521 522 551 555 eo
570 506 636 571 qnod
653 512 724 567 pate·
763 501 849 551 fuisse.
869 503 935 551 Crat.

196 595 251 646 ant,
264 587 354 634 Latine
376 587 411 632 ita
432 585 518 633 dicta.
554 584 632 632 Hisce
646 586 725 631 eliam
796 581 892 628 Dicatur
902 577 1030 641 amisse]
1040 576 1217 638 atridemes
1227 576 1291 639 glor·

195 676 263 712 nune
277 663 300 707 in
315 663 416 724 publico
427 662 554 719 convivio,
566 659 727 721 antiquitatis
764 671 792 703 sa
814 655 946 716 irrepsisse
970 656 1077 703 videtur.
1112 655 1205 716 Neque
1226 653 1292 702 eninr

196 737 339 785 retineam
352 750 516 792 castinacum
526 735 642 795 magistri
654 731 727 790 (irruit,
764 741 803 779 est
820 733 844 778 in
859 733 972 791 uetrrstis,
991 738 1017 779 ct
1032 732 1165 792 eleganter
1176 729 1292 790 citraque

196 811 268 875 potio
290 809 481 866 circumluitur,
501 820 526 857 er
546 810 571 856 in
585 808 727 855 sacrifican·
765 806 945 854 dctrimcntum
959 821 1046 855 sensns
1056 808 1138 855 abest.
1161 805 1215 852 rtis.

197 887 232 936 do
247 888 321 946 Deis,
340 887 387 933 boc
407 887 498 948 poculo
510 883 727 947 uragisrratusdat
797 885 874 944 Atque
884 897 910 929 eo
920 883 1019 943 dicture,
1040 897 1084 944 quo
1102 883 1198 928 interae
1217 881 1294 941 magis

198 963 257 1013 Deo
279 961 382 1007 vinum!
418 961 499 1008 Miror
520 959 580 1022 quid
599 960 690 1007 Colsro
703 959 726 1004 in
757 957 808 1021 fidi
822 957 915 1020 forent]
935 958 983 1005 llic
1000 959 1063 1005 mire
1085 959 1184 1005 variant
1205 971 1293 1004 exem-

196 1047 308 1087 mentem
319 1037 428 1096 venerit,
438 1037 594 1084 existimanti
601 1036 728 1082 cutoriam
766 1033 848 1095 piaris
860 1042 969 1080 vetusta.
986 1033 1056 1084 Quid
1068 1032 1088 1079 si
1108 1035 1177 1093 legas
1188 1036 1257 1093 utque
1267 1030 1294 1078 id

196 1115 264 1164 idem
277 1130 332 1164 csse
342 1130 400 1162 cum
414 1124 514 1174 patera,
524 1128 580 1161 crim
593 1113 625 1160 sir
636 1110 665 1156 rb
674 1109 726 1172 apd-
765 1123 792 1156 ea
803 1123 838 1167 rc,
850 1110 912 1169 sive,
922 1123 948 1156 eo
959 1108 1056 1167 secisse,
1065 1109 1167 1156 tametsi
1180 1109 1226 1154 boc
1237 1120 1294 1154 ver·

196 1210 253 1242 rior.
289 1196 335 1241 Cn.
349 1192 428 1242 Gellii
437 1191 551 1239 historici
563 1188 728 1237 vetrrslissimi
766 1183 824 1231 burn
834 1199 892 1232 cunr
902 1199 926 1231 ιιι
935 1184 1108 1247 manuscripto
1121 1184 1164 1242 sit,
1175 1185 1199 1230 in
1209 1198 1294 1232 recen·

198 1270 285 1328 rerba,
305 1284 361 1331 quse
387 1284 432 1331 pro
452 1281 479 1313 se
496 1265 612 1323 arlducit,
626 1264 727 1311 omuino
765 1260 873 1308 tionbus
892 1261 1069 1311 desideratur:
1090 1261 1217 1322 relnque
1232 1274 1257 1306 co
1268 1259 1295 1307 id

198 1339 728 1406 aliudsignificantcommemorationebor·
764 1344 818 1387 uste
828 1339 922 1401 secuse,
940 1339 1058 1401 quainter
1069 1352 1103 1396 se,
1115 1339 1154 1397 isc.
1168 1335 1294 1399 quomodo

197 1420 271 1469 rendi
293 1420 410 1466 list-inuris
430 1415 596 1464 crudelissimi
615 1416 727 1477 tyranni,
764 1413 900 1474 legendum
924 1429 991 1472 esse,
1016 1412 1166 1474 conjectura
1184 1409 1294 1473 quadam

198 1495 240 1543 cui
260 1494 351 1540 similia
371 1494 396 1538 in
414 1492 518 1540 historia
537 1491 648 1539 Gurbiea
666 1492 728 1553 legi·
764 1487 845 1537 ducor
872 1489 904 1536 ad
931 1487 1121 1551 suspicandum.
1156 1485 1220 1533 Haee
1237 1485 1293 1546 jam

198 1583 263 1629 mus,
272 1569 317 1616 sed
331 1570 414 1629 pergit
427 1568 504 1625 idern,
516 1573 542 1615 ct
556 1567 625 1614 Caelir'
637 1580 727 1614 nomen
764 1566 930 1625 adnotaram3
950 1580 1007 1614 curn
1024 1579 1085 1612 ecee
1098 1564 1123 1610 in
1134 1562 1231 1610 duobus
1243 1576 1295 1609 rna·

199 1659 245 1707 pro
258 1645 286 1690 C.
302 1644 375 1690 Gellii
388 1644 543 1691 substituere
556 1651 675 1704 conatur,
692 1643 728 1704 ig·
765 1642 903 1704 suscriptis
915 1643 1024 1705 reperio,
1034 1646 1104 1703 utque
1114 1655 1140 1688 eo
1149 1641 1236 1687 dictum
1245 1652 1295 1686 rem

197 1732 291 1767 uorans
312 1718 421 1776 seilicet,
439 1719 546 1764 errndem
564 1718 631 1765 bunc
648 1718 728 1766 Gelli·
759 1715 862 1775 secisse:
879 1733 936 1780 quae
949 1717 1009 1764 milri
1026 1716 1104 1764 lectio
1115 1715 1224 1764 maxime
1242 1727 1295 1762 om-

199 1809 252 1853 nm,
269 1794 302 1843 ab
320 1793 421 1855 Agellio
439 1794 464 1840 in
485 1793 605 1841 noctibus
624 1793 729 1854 Atticis,
766 1792 834 1839 nium
848 1793 988 1855 probatum
1004 1799 1031 1841 et
1042 1793 1121 1841 babet
1134 1790 1239 1838 eandem
1251 1805 1294 1838 ex-

198 1868 344 1928 Macrobio‚
357 1869 481 1928 euaristo,
505 1868 648 1928 Prisciano,
661 1869 728 1915 aliis·
766 1867 865 1929 emplar
878 1867 1070 1915 Baroaldinum.
1087 1867 1182 1914 Rivius.

198 1959 249 2008 que
260 1946 353 2007 passim
364 1945 446 1993 citari.
480 1945 565 1991 Verba
580 1945 659 2006 Capri
669 1960 727 2008 quse
797 1941 876 2004 Atque
895 1957 921 1990 eo
937 1941 1060 2002 dictitare]
1088 1942 1160 1989 Libri
1181 1941 1296 1989 nonnulli

200 2019 320 2084 producit
341 2020 543 2082 corruptissima,
569 2035 627 2069 eum
649 2022 729 2084 magis
766 2016 1296 2078 manuscriprlatqueeodicramremsemu.

198 2096 363 2157 convincent,
374 2096 393 2142 si
407 2095 443 2141 sic
456 2094 589 2142 emendata
608 2111 640 2144 ex
651 2096 729 2159 scrip·
766 2090 798 2138 ln
810 2092 984 2153 manuscripto
1004 2100 1100 2152 nostro,
1119 2092 1162 2153 qni
1174 2092 1233 2139 olim
1246 2090 1296 2139 fuit

199 2177 227 2220 to
249 2171 362 2233 legeris:
380 2171 478 2219 ‘Calua
501 2179 607 2219 vocatur
628 2170 729 2234 κρόκον,
767 2165 809 2213 Fr.
827 2164 948 2212 Castrinii
971 2165 1155 2225 Narbonensis,
1172 2179 1296 2226 expresse

198 2246 263 2296 licet
284 2248 378 2297 Caclius
396 2255 423 2295 et
442 2248 522 2295 Varro
543 2249 681 2297 calvariam
694 2249 730 2297 di·
766 2245 837 2302 utque
847 2255 873 2287 ²⁰
887 2240 1099 2299 diCitltliestt'l'm?
1113 2239 1180 2303 quod
1191 2254 1240 2287 ¹¹0ss
1250 2241 1296 2287 im·

200 2330 337 2385 eant,nan1
349 2323 466 2372 calvaria
478 2324 576 2385 plurale
588 2330 637 2384 est,
648 2326 729 2373 calum
767 2314 928 2378 probandum
939 2317 1049 2364 Videtur·
1069 2316 1141 2378 Thy&

200 2411 267 2456 ossa,
284 2412 340 2460 quae
359 2407 418 2447 sunt
429 2405 455 2447 et
468 2399 631 2462 singulariter
641 2396 731 2450 calva!
799 2391 1121 2454 Mlllmdfflssresoeffm]
1145 2390 1296 2441 &mimda-

202 2471 339 2520 Palaebisca
769 2477 810 2520 tus
829 2470 890 2518 milri
909 2470 975 2519 liber
991 2471 1158 2535 perantiquus
1170 2471 1202 2520 ab
1214 2471 1297 2518 erudi-

233 2547 438 2611 Degustorisseat]
466 2551 627 2601 Libationem
646 2553 672 2600 in
692 2569 730 2601 sa·
768 2548 867 2596 tissiruo
882 2547 989 2611 juvene,
1011 2549 1211 2611 Graecarumque
1229 2548 1299 2597 litte·

201 2621 252 2668 eris
264 2625 342 2671 tacite
354 2625 446 2685 innuit,
457 2641 514 2688 qnae
526 2629 551 2674 in
561 2629 639 2675 sacris
648 2631 730 2675 solen·
767 2638 851 2671 rarum
871 2624 945 2686 longe
968 2624 1062 2687 perito,
1084 2624 1175 2671 Fulvio
1195 2623 1298 2686 Ursino,

201 2695 276 2743 nibus
286 2699 379 2745 usitata
391 2707 454 2747 erat.
473 2702 544 2762 Thya.
561 2703 626 2749 Post
644 2703 730 2750 immo·
767 2701 846 2760 Atque
871 2716 897 2747 eo
918 2700 1029 2748 dictitare
1047 2699 1148 2758 secuse:
1173 2698 1299 2759 nonnulli,

201 2770 323 2819 lationem
345 2774 411 2820 enim
426 2774 534 2821 victima
547 2776 631 2822 viuum
646 2791 733 2838 asper.
767 2775 846 2836 Atque
863 2790 889 2822 eo
900 2774 989 2823 dictam
999 2791 1047 2823 rem
1055 2774 1162 2833 secisse,⁸
1183 2773 1250 2836 quod
1261 2775 1298 2821 in·

202 2845 282 2908 gebat
293 2847 422 2908 sacerdos,
435 2848 480 2895 sed
493 2850 640 2912 prinsquam
656 2851 681 2899 iu
694 2851 731 2898 ef·
767 2857 854 2913 eptam
870 2853 980 2900 videtur.
1013 2852 1085 2910 Sunt,
1096 2851 1139 2912 qui
1150 2864 1181 2896 ex
1194 2851 1298 2911 ingenio

202 2920 332 2983 funderet,
344 2923 452 2986 simpulo
461 2931 504 2972 ant
514 2926 731 2988 simpuvioligneo
767 2926 941 2988 reponendum
953 2932 1055 2988 putent,
1070 2928 1147 2987 Atque
1158 2939 1183 2971 co
1194 2926 1299 2974 dictante

201 2997 243 3045 vel
261 2996 335 3046 fictili
358 2998 493 3048 admodum
513 3015 601 3062 parvo,
628 3002 730 3064 etipse
762 3000 865 3060 seciam
891 3003 940 3060 rel,
952 3002 1030 3063 Atque
1039 3001 1064 3048 id
1075 3015 1102 3048 eo
1118 3000 1229 3048 dictim
1242 3001 1299 3064 effe·

203 3069 296 3121 ieviter
307 3072 448 3132 delirabat,
468 3083 494 3123 et
505 3075 664 3124 adstantibus
675 3092 732 3140 gns·
768 3076 843 3135 ήκω
862 3079 912 3139 vel,
926 3076 1004 3138 Atque
1015 3078 1040 3124 id
1052 3091 1079 3124 eu
1089 3091 1115 3124 re
1120 3075 1228 3135 seruam
1248 3077 1299 3134 vel,

203 3147 312 3195 tandum
321 3148 463 3212 deferebat,
472 3161 499 3199 ut
509 3151 604 3213 pariter
612 3152 731 3201 libarent.
768 3155 849 3216 Atque
867 3156 892 3202 id
911 3170 936 3203 co
953 3155 1049 3217 seciam,
1066 3156 1116 3216 vel,
1137 3156 1215 3217 Atque
1230 3170 1256 3202 co
1274 3156 1300 3204 id

203 3218 352 3270 Vocabatur
372 3225 414 3272 hic
438 3227 502 3274 ritus
520 3227 619 3276 libatio.
663 3229 731 3276 Hinc
769 3232 928 3291 calefaciam:
949 3233 1300 3297 qnorumconjecturammi·

203 3291 285 3342 libare
298 3297 390 3356 passim
401 3300 469 3360 apud
483 3301 604 3362 probatos
616 3310 733 3351 auctores
769 3306 837 3353 nime
850 3308 940 3369 probo.
984 3309 1041 3355 Non
1058 3307 1179 3367 displicet
1197 3305 1300 3352 omuino

204 3365 350 3429 degustare.
367 3372 439 3432 Virg.
455 3375 733 3437 ‘Purpureosqueme-
769 3380 893 3442 impressa
910 3381 1006 3429 lectio:
1025 3393 1166 3442 quanquam
1184 3376 1299 3437 ejusdem

204 3445 264 3489 tunt
274 3440 351 3490 flores
361 3452 389 3491 et
398 3445 502 3494 flumina
512 3448 613 3497 libant)
770 3456 893 3516 temporis
904 3456 958 3502 baec
969 3455 1018 3502 tria
1037 3454 1115 3500 verba
1124 3454 1233 3513 mallem,
1245 3453 1300 3499 Cir·

236 3515 266 3561 la
276 3517 405 3565 robanibus
415 3521 500 3583 meria]
520 3523 641 3571 solennia
660 3538 734 3574 sacra
770 3531 916 3587 sumtuum,
924 3529 1058 3590 Aponius,
1066 3529 1181 3574 norma.
1194 3528 1250 3575 Nec
1263 3534 1300 3575 ta-

203 3586 366 3652 dicebantur,
388 3608 446 3655 quae
468 3597 546 3643 certis
574 3600 732 3660 temporibus
770 3617 829 3652 men
840 3595 870 3649 in
887 3604 963 3664 crrlpa
980 3604 1118 3664 posuerim,
1129 3602 1300 3663 quodSallus.

205 3664 265 3712 anni
280 3663 336 3711 lieri
356 3668 476 3718 solerent.
515 3671 612 3720 Verum
629 3682 733 3723 nonest
770 3678 821 3725 rius
833 3677 858 3723 in
875 3684 1006 3739 postremo
1016 3675 1094 3722 verbo
1107 3684 1207 3738 tempus
1219 3687 1300 3729 aluta.

205 3738 371 3801 eredendum,
393 3744 520 3793 Romanos
543 3745 570 3792 in
586 3748 732 3798 solennibus
770 3752 845 3799 verit.
877 3749 982 3798 Amicus
1004 3748 1105 3811 quidam
1123 3766 1202 3810 meus,
1221 3753 1300 3816 Atque

205 3815 286 3864 neris
295 3813 431 3864 humanum
441 3821 588 3881 sanguinem
597 3821 733 3885 degmtare
770 3841 804 3886 eo,
814 3826 879 3872 dictu
887 3840 921 3884 re,
930 3823 1033 3882 fecisse:
1049 3824 1081 3871 de
1100 3841 1150 3889 quo
1160 3826 1253 3877 eruditi
1265 3831 1301 3878 vi·

206 3891 294 3939 solitos
305 3888 402 3949 falsam
416 3895 529 3954 quamvis
540 3894 583 3957 (nt
593 3896 733 3946 multiscri·
771 3901 873 3959 derint;
890 3915 938 3963 ego
950 3899 1084 3949 adsensum
1106 3904 1226 3952 sustineo.
1244 3906 1300 3952 Ma.

206 3965 284 4029 bunt)
304 3964 429 4015 Saturnus
452 3974 479 4015 et
499 3969 609 4016 latinus
630 3970 735 4033 Jupiter
771 3977 859 4023 satim.

206 4040 316 4090 bumana
338 4041 418 4091 hostia
440 4045 613 4105 placarentur.
656 4047 734 4096 Dice·
805 4052 888 4113 Magia
889 4050 950 4116 fidi]
961 4053 1220 4115 Utenim'shucydid.
1229 4054 1247 4102 1.
1255 4068 1299 4106 ur.

208 4129 263 4166 mus
274 4119 364 4182 igitur,
382 4121 478 4181 riuum,
495 4127 540 4169 aut
556 4121 686 4186 quidpiam
703 4124 735 4173 si·
771 4123 925 4174 ‘rihdroau
933 4124 983 4175 δέος
993 4127 1077 4174 πιστὸν
1086 4128 1110 4176 ds
1117 4126 1260 4190 mmxiar,
1272 4129 1299 4179 id

208 4192 268 4242 uile
280 4193 481 4248 circumferrier
492 4195 624 4263 degustari
634 4198 735 4251 solitum
773 4207 823 4265 est,
833 4201 915 4252 mutui
931 4207 1015 4251 metus
1026 4204 1161 4268 equalitas
1173 4205 1228 4254 sola
1238 4202 1300 4255 facit
