3000 5040
197 336 265 403 572
476 344 486 397 .·
515 402 518 408 ,
544 345 652 399 norm
674 345 876 396 vsaroanu
901 345 943 393 ru
1024 352 1026 355 ·

196 495 305 545 calliam
313 495 356 544 rel
366 492 505 544 Maeotiam
517 496 586 542 teile
595 490 726 554 Hesychia
764 495 840 539 erati
856 490 924 554 qnod
937 503 1024 553 rogem
1034 489 1103 540 baurl
1111 489 1187 540 la'toll
1200 504 1207 538 r
1223 485 1297 540 lom-¹

197 569 326 620 dixerant.
360 569 426 617 Vide
446 576 532 618 tamen
546 563 726 615 Borburtsmin
765 580 815 630 qne
835 579 893 613 cum
914 567 939 614 in
961 566 1108 616 Numidiam
1130 565 1236 628 remisit,
1260 579 1293 616 na

197 639 246 703 sno
256 645 364 708 Plrsleg.
374 659 416 693 su.
429 650 453 694 5.
718 667 722 678 ·
760 642 860 704 judicio
876 643 1012 691 damnatus
1033 642 1205 702 occideretur,
1216 654 1294 704 reguo

191 757 196 763 .
215 715 220 746 ¹¹
229 720 311 771 aliua
320 720 382 768 mulo
392 718 463 778 samo
479 724 502 768 rt
514 720 585 768 timor
595 716 669 766 moui
685 716 728 765 ios·
765 718 792 766 in
814 718 861 766 boc
881 719 962 779 stragis
985 732 1061 781 quam
1079 718 1187 766 vadibus
1208 730 1296 766 cousn·

195 794 316 860 pristim]
343 797 384 844 Ex
403 797 503 858 scripto
514 794 684 857 reposuimus,
698 791 728 839 li·
766 794 887 843 lensrex.
920 792 1006 841 vades
1027 800 1113 842 aulem
1133 808 1148 842 a
1167 806 1229 854 rege
1247 805 1295 854 pro

196 872 330 921 mocissi
341 872 498 934 impediebam
515 869 657 935 quadrare
676 869 728 917 Sal·
767 870 910 919 Bomilcare
923 869 1211 932 datosintelligendum,
1226 867 1296 933 quod

198 946 346 997 lastisnum.
360 949 462 1011 Supra:
487 949 496 975 ¹
508 947 585 996 timor
596 946 673 994 animi
684 959 727 994 sn·
768 954 858 1011 postea
868 954 969 1007 auctor,
983 944 1028 994 ubi
1040 947 1162 994 Metellus
1170 945 1298 994 Bomilca-

199 1024 270 1073 ribus
281 1022 377 1074 officit.’
394 1026 438 1086 Bt,
456 1025 559 1086 frisios
574 1020 727 1072 animi.'1o·
767 1025 821 1071 rein
840 1021 872 1071 dc
890 1022 959 1083 segis
970 1020 1114 1083 proditione
1125 1019 1248 1082 solicitat,
1258 1017 1296 1068 i'a-

199 1097 257 1149 i'ra:
274 1099 344 1148 ‘Sed
356 1114 404 1149 nec
416 1100 473 1149 illos
491 1100 535 1164 qui
556 1097 645 1163 procul
660 1110 728 1144 man·
766 1105 837 1148 tetrsr
847 1098 991 1147 bisverbis:
1003 1097 1011 1123 ‘
1023 1096 1107 1159 Igitur
1115 1096 1296 1158 Bomilcarem,

200 1168 289 1226 ierant
308 1177 383 1226 timor
393 1176 469 1226 animi
488 1176 549 1226 satis
568 1173 727 1223 muniverat·
767 1176 811 1240 qni
830 1176 922 1234 Romae'
936 1171 995 1224 cum
1014 1176 1142 1238 lrrgortba
1160 1174 1255 1237 fuerat,
1267 1181 1296 1223 ct

200 1252 267 1305 Post
287 1254 321 1303 de
342 1255 468 1303 Metello:
485 1251 552 1300 ‘Vir
566 1250 685 1313 egregius
701 1249 728 1297 in
766 1251 826 1300 inde
837 1252 945 1300 radilsus
964 1250 1031 1300 datia
1044 1252 1077 1299 rle
1091 1251 1212 1300 Messium
1230 1265 1296 1300 nece

201 1329 257 1379 aliis
276 1331 375 1381 artibus
391 1330 463 1380 nimis
474 1326 729 1392 molliterasgritndi·
766 1327 968 1390 clsmjirrlicium
986 1326 1099 1390 fugerat,
1118 1327 1186 1391 quod
1204 1326 1228 1375 ci
1248 1341 1296 1391 per

200 1402 729 1471 nomanimlpati.'sicibilegoexscrip-
767 1403 904 1454 maximam
931 1403 1069 1452 amicitiam
1091 1403 1200 1451 maxims
1221 1400 1299 1464 copia

201 1482 243 1532 tis.
260 1483 396 1533 Potsclrias.
767 1477 873 1528 fallendi
885 1487 950 1541 erat,
965 1479 1052 1528 mullis
1069 1476 1297 1541 pollicitationibus

232 1559 313 1607 Allan
332 1559 392 1606 molo
404 1558 475 1618 sumo
488 1563 512 1606 et
530 1558 601 1606 timor
619 1555 729 1619 impedie-
767 1556 919 1620 aggreditur
927 1553 944 1605 :'
971 1569 1030 1619 quoe
1053 1554 1111 1603 ideo
1136 1552 1298 1614 adduximus,

199 1634 252 1699 bat]
267 1633 310 1683 Sic
321 1633 385 1684 Mas.
402 1633 516 1698 primarii
534 1647 641 1692 omnm
661 1640 730 1680 nota
767 1631 836 1697 quoti
850 1632 893 1682 hic
902 1631 1025 1680 nonsatis
1035 1630 1117 1694 liquet
1129 1628 1188 1693 quid
1200 1626 1299 1677 rel'erat

201 1708 349 1758 flaterrimae
359 1709 461 1757 ettimor
471 1709 556 1770 asisii,
566 1708 730 1771 veltiomrpo
766 1707 831 1756 illud
842 1708 893 1770 qai,
912 1717 969 1756 cuni
989 1706 1090 1769 inquit:
1112 1704 1120 1732 ‘
1134 1705 1178 1769 qui
1191 1704 1298 1752 Romam

197 1785 266 1849 pott:
285 1784 351 1833 scias
368 1792 508 1850 utrumque
526 1782 677 1848 figmentum
693 1783 731 1832 in·
768 1782 819 1833 lide
836 1783 941 1847 publica
962 1781 1095 1830 veneratz’
1110 1780 1299 1844 Jugirrtbamne

201 1866 356 1924 terpretum.
375 1860 474 1910 Gruter.
768 1873 803 1907 au
823 1858 1013 1908 Bomilcarem?
1030 1856 1128 1906 Badius
1149 1856 1183 1904 ad
1203 1857 1299 1919 lugur-

199 1957 201 1961 >
234 1935 327 1984 itinero
336 1950 487 1999 egressusque
496 1935 555 1998 cias]
574 1936 730 1985 incitavi.
768 1934 839 1984 iliam
862 1934 953 1984 refert.
987 1935 1083 1983 Verum
1105 1940 1214 1997 propter
1236 1930 1299 1998 quid

198 2011 259 2061 ‘Et
277 2013 338 2075 qaia
359 2010 432 2060 aditu
452 2011 563 2061 Neronis
581 2011 731 2074 prohibebo·
766 2024 800 2059 ea
810 2008 890 2058 rerba
901 2009 1017 2073 posuerit
1027 2016 1127 2072 auctor,
1142 2017 1187 2059 aut
1197 2023 1247 2073 qno
1259 2024 1299 2059 re·

202 2093 255 2148 tar,
265 2098 385 2150 egressus
396 2084 528 2149 obsidens,
537 2086 731 2135 audiretiuson·
767 2084 893 2149 ferantur,
910 2086 936 2136 ld
953 2100 1014 2135 varo
1027 2087 1095 2134 baad
1112 2086 1175 2155 satis
1186 2091 1300 2148 constat,

200 2162 271 2214 tem!
289 2163 368 2212 ciacc.
767 2163 817 2213 nisi
834 2164 1006 2228 intelligamus
1025 2170 1053 2213 et
1072 2163 1243 2213 Bomilcarem
1256 2159 1299 2211 su-

206 2303 209 2310 ·
233 2236 349 2301 illumque
381 2238 516 2302 obtrusum]
542 2235 732 2301 Manuscrlpls,
767 2238 1040 2304 isseinfidepublics,
1057 2237 1297 2304 quamtamenfac·

202 2315 384 2365 consentiente
411 2313 573 2374 Beroaldino,
601 2312 669 2362 wass
692 2312 732 2361 oi-
769 2318 795 2365 to
804 2314 899 2380 hostili,
919 2325 948 2366 ut
964 2315 1062 2365 dictum
1080 2321 1129 2378 est,
1147 2313 1299 2365 violaverat.

200 2392 296 2441 inm
303 2407 312 2449 ἰ
321 2390 599 2455 omisssooojooctiooe
610 2404 661 2452 pse.
673 2389 731 2439 niv.
770 2393 829 2444 Nec
839 2393 906 2442 enim
916 2393 1000 2442 minus
1016 2391 1109 2458 quibus
1126 2391 1212 2451 datur,
1224 2404 1300 2454 qoam

212 2482 219 2490 ·
235 2466 342 2530 Ssoipse
355 2467 510 2531 deprebensis·
521 2465 603 2516 maltis
617 2463 733 2514 bortoati·
771 2469 814 2535 qoi
824 2469 896 2528 dant,
906 2484 964 2518 eam
974 2468 1073 2517 irritam
1082 2466 1170 2517 facere
1184 2472 1299 2530 possunt,

203 2542 256 2606 bas]
272 2544 339 2593 Vide
350 2551 379 2592 ut
391 2544 524 2608 acceperit
536 2543 598 2592 illnd
618 2541 734 2592 loricati·
770 2546 840 2611 quod
858 2547 999 2595 etiamnum
1020 2549 1110 2594 norlra
1121 2549 1200 2593 aetate
1217 2555 1303 2591 serra·

202 2619 346 2676 emesae
359 2619 731 2683 projulesstlussccsgesttous.
770 2630 821 2672 mr.
853 2624 951 2671 Verum
973 2635 1006 2670 ue
1030 2622 1079 2670 hoc
1104 2620 1209 2683 quidem
1236 2618 1299 2667 saris

195 2706 292 2741 rerum
313 2694 341 2740 id
359 2694 488 2754 pusillum.
513 2693 589 2742 Quod
610 2694 732 2741 continuo
769 2697 943 2758 perspicuum,
963 2695 1074 2743 vadesne
1098 2693 1217 2744 Numida
1246 2692 1302 2742 fue·

201 2766 327 2829 sequntur,
345 2768 476 2827 ingentem
497 2766 576 2814 hebet
594 2765 731 2816 difficulta·
768 2769 874 2828 rint,au
885 2769 1005 2819 Romani.
1022 2769 1194 2831 ‘nxsmiclu’
1206 2769 1300 2833 inqiut,

202 2840 446 2904 tcm,cuminqait:
465 2840 509 2890 Fit
528 2855 583 2889 reos
602 2842 681 2902 arogis
700 2856 731 2890 ea·
768 2844 1203 2909 ‘quinquagintsmdesdederat‘
1232 2845 1300 2893 Dein

202 2930 267 2980 apso
283 2920 307 2965 et
329 2915 396 2979 bono,
416 2931 486 2979 quom
505 2932 536 2965 rx
549 2916 604 2977 jare
624 2919 732 2978 gratiam
768 2919 831 2969 illud
853 2919 1060 2968 obscurissimam
1084 2928 1126 2969 est
1147 2920 1217 2984 qirorl
1246 2922 1299 2971 ait:

203 2992 325 3042 Bomilcar
343 3007 417 3041 comes
436 2995 494 3055 ejas,
512 2994 554 3055 qui
571 2994 671 3042 Romans
679 2994 733 3060 fide
768 2995 872 3058 ‘Igitur
889 3010 1042 3060 quamquam
1058 2997 1085 3045 in
1101 2998 1187 3060 priore
1198 2997 1302 3046 actione

201 3067 296 3133 pallios
306 3073 409 3119 oeaerut.
422 3070 642 3119 commentatores
653 3085 732 3134 expo·
769 3088 803 3122 ex
815 3072 912 3135 amicis,
922 3076 981 3124 διο)
1013 3074 1082 3123 Nam
1102 3073 1123 3122 si
1141 3074 1174 3122 de
1185 3072 1302 3123 Memmii

204 3147 328 3210 nnnt‚jns
338 3145 451 3209 gentium
463 3161 529 3208 esse,
541 3145 732 3209 propterfidem
767 3148 880 3212 actione,
899 3165 951 3214 qua
969 3150 1123 3213 iugurtham
1140 3149 1167 3198 in
1177 3143 1302 3212 judicium

203 3221 334 3285 publicam
344 3221 440 3282 datam,
451 3229 479 3271 ut
488 3223 505 3273 J
509 3223 618 3285 ugurtha
626 3238 683 3273 cnm
692 3239 733 3274 so·
769 3227 859 3290 traxit,
871 3228 1000 3291 intelligit,
1009 3227 1071 3291 quid
1080 3226 1113 3274 ad
1121 3225 1303 3286 Bomilcarem,

203 3296 226 3345 is
246 3309 297 3348 non
315 3297 475 3347 violaretur:
495 3313 557 3359 ergo
573 3315 631 3349 eum
649 3301 733 3364 puniri
769 3318 817 3367 pro
828 3318 887 3370 quo,
897 3318 949 3353 nou
959 3303 1153 3367 protagoram,
1167 3300 1246 3350 vades
1257 3299 1301 3348 ‹la-

200 3383 253 3420 non
273 3368 380 3429 debere,
401 3370 446 3433 sed
469 3371 495 3418 in
513 3371 597 3421 locum
608 3389 681 3423 saum
694 3389 733 3423 re·
769 3379 868 3440 nsunt,
886 3394 918 3428 ea
937 3378 1049 3427 attinet?
1070 3378 1150 3426 Totus
1167 3374 1300 3440 igiturlrio

178 3481 190 3497 -.
199 3449 400 3505 reiteretomo
411 3441 504 3492 deinde
512 3445 566 3507 juri
576 3447 713 3499 sisteretur
725 3464 733 3510 ς
770 3454 841 3504 locus
857 3468 918 3503 cum
931 3452 1031 3514 judicio
1045 3451 1177 3512 legendus,
1190 3465 1240 3514 quo
1252 3463 1301 3512 ego

204 3535 262 3585 qua
272 3519 399 3583 expositio
411 3518 471 3568 mihi
483 3535 587 3583 prorsus
602 3521 732 3587 displicet.
770 3543 813 3578 me
824 3529 935 3577 nondum
946 3528 1057 3590 explico.
1075 3528 1188 3575 Glorems.

203 3595 491 3646 Putoenimmsclorem
502 3595 733 3673 toedicerprclle,
803 3599 1091 3666 ludiciumproyiteretar]
1117 3599 1201 3649 Tacit.
1213 3613 1239 3649 v.
1257 3598 1304 3649 ‘et

205 3671 307 3738 qnando
321 3671 451 3720 Bomilcar
468 3673 609 3736 contraius
620 3675 733 3736 gentium
773 3693 900 3729 summum
912 3677 1065 3741 supplicium
1075 3673 1194 3737 parabat,
1211 3674 1237 3722 ni
1247 3689 1305 3737 pro·

204 3754 367 3811 peccaverat,
388 3754 416 3796 et
433 3747 509 3796 fidem
522 3748 651 3811 publicam
662 3746 733 3798 iacto
770 3752 854 3804 fossura
865 3752 990 3801 indiciam
1005 3749 1092 3798 foret!
1124 3749 1259 3799 Suetonius
1276 3751 1302 3801 in

199 3824 306 3874 irritam
316 3821 424 3884 fecerat,
440 3825 536 3887 quippe
547 3825 590 3889 qui
601 3823 734 3889 perfugam
770 3829 872 3879 Domit.
882 3843 906 3877 c.
920 3831 959 3877 lt.
966 3827 976 3893 .‘
990 3822 1127 3874 Professus
1137 3824 1304 3887 conspiratio·

204 3902 346 3965 occiderat,
355 3906 383 3950 et
393 3903 608 3963 prorsuslrostilia
617 3901 733 3963 seceraii
771 3906 811 3955 nis
821 3906 953 3965 indicium,
970 3908 998 3950 et
1010 3901 1043 3949 ob
1055 3901 1103 3950 lsoc
1113 3900 1249 3958 admissus,
1265 3900 1303 3947 le·

205 3984 292 4028 nmen
302 3977 439 4027 elementis
454 3990 485 4024 ac
506 3977 668 4037 benignitate
684 3978 735 4027 Ro·
773 3982 843 4043 genti
852 3978 977 4029 traditum
989 3993 1039 4027 ase
1051 3978 1179 4027 libellum:
1203 3983 1229 4025 et
1239 3979 1305 4024 atlo-

202 4067 346 4115 maoomm,
357 4066 389 4101 ex
401 4066 474 4116 aequo
491 4059 519 4100 et
537 4050 613 4110 bono,
625 4051 673 4100 boc
684 4058 735 4115 est,
772 4057 828 4107 nito
849 4053 956 4106 suffodit
977 4055 1097 4119 inguina!
1140 4053 1209 4102 Plin.
1228 4041 1303 4102 l.1u.'

200 4130 335 4195 aequitatis
345 4129 532 4180 consuetudine
545 4130 624 4194 magis
635 4130 665 4179 lit
676 4144 736 4180 reus
773 4132 858 4197 Epist.
878 4132 910 4180 sd
933 4132 1078 4197 Nepotem:
1095 4126 1214 4177 ‘Badera
1231 4125 1300 4190 opud

203 4205 348 4272 qasmjure
361 4205 735 4274 gentiumqutjamjooicatus
773 4209 917 4274 Claudium,
936 4209 1012 4261 oxori
1026 4204 1165 4270 Scribonii,
1181 4218 1239 4254 cum
1255 4203 1302 4254 illa
