3000 5040
377 352 529 400 nassau
553 350 719 399 caurum.
764 350 845 397 cla.
868 335 922 399 56.
1132 333 1198 401 493

93 495 122 545 ld
152 499 205 543 tarn
232 492 386 542 levissimum
415 507 505 540 marrus
526 505 630 540 exerce·
667 492 727 552 gine
739 490 841 554 quidem
858 491 941 554 gentis
959 490 1021 540 nihil
1037 491 1096 540 mihi
1110 507 1196 555 quarn*

63 627 66 631 ,
96 579 168 635 rent,
177 572 278 620 scilicet
291 578 319 618 ut
330 570 471 633 cujuspiam
486 570 581 631 laqueo
594 569 630 616 vi·
667 568 705 614 vis
716 566 910 629 diligentissime
927 569 1090 630 investiganti
1107 583 1197 618 occur·

97 656 151 699 tarn
170 649 288 708 finireut;
318 656 345 697 et
363 648 430 712 quod
451 648 476 696 id
495 647 631 707 affirmem,
668 644 711 691 rit.
743 644 861 691 Familias
872 645 1016 708 praecipuas
1033 650 1144 708 quatuor
1155 660 1196 694 re»

96 722 164 775 facit
186 723 340 771 Plutarchus
361 724 385 770 iu
409 722 541 770 Ciceronis
567 722 632 783 vita,
667 718 757 782 perio:
786 733 892 783 quarum
911 734 962 768 una
980 720 1195 782 Maluginensiam

98 801 142 865 qui
152 801 189 848 sic
200 799 253 848 ait:
272 800 382 848 ‘Forum
394 815 515 861 egressus
530 801 630 861 consul,
667 801 717 854 est,
744 794 827 843 altera
856 795 1012 857 Scipionum,
1043 795 1195 845 Rofiunrant

97 890 155 925 cum
168 876 199 924 ad
212 889 339 923 carcerem
360 881 466 923 ventam
478 881 559 934 esset,
579 882 631 923 trs·
668 871 756 932 tertia,
773 876 901 933 postrema
914 872 1084 920 Lentulorum.
1118 873 1195 921 Dola·

97 951 137 1000 dit
158 952 241 1000 lictori
256 952 406 1012 Lentulum,
425 965 534 1014 eumque
547 957 631 998 strnu·
667 944 747 993 bellas
767 946 846 1006 enirn,
865 944 968 1005 Cinnas,
989 945 1110 1006 lllemlas,
1127 956 1152 995 et
1172 948 1195 995 sl

96 1026 177 1091 gulari
185 1027 263 1089 jussit
273 1026 289 1074 :’
306 1026 408 1089 hocque
419 1035 497 1087 pacto
511 1026 632 1087 iutelligi-
667 1020 779 1083 quisunt
789 1021 841 1079 alii,
851 1019 1059 1082 plebejospottus
1069 1036 1141 1082 quam
1152 1036 1195 1084 ps-

95 1101 260 1164 nmsjudicos
280 1101 320 1148 sel
332 1100 457 1159 vindices,
481 1100 507 1148 id
519 1108 568 1159 est,
586 1099 630 1148 lic·
667 1095 754 1144 tricios
772 1095 936 1143 crediderim.
971 1095 1029 1144 Qua
1040 1095 1158 1158 equidem
1169 1097 1196 1145 in

95 1183 183 1226 tores:
200 1191 309 1240 quorum
332 1190 423 1223 ursanus
447 1176 494 1224 hoc
514 1183 579 1238 erat,
600 1182 630 1224 ut
666 1184 694 1218 re
704 1178 822 1219 veterum
837 1178 971 1219 auctorum
988 1169 1147 1233 diligentiam
1159 1185 1198 1219 re·

95 1258 179 1300 morte
205 1249 337 1298 damnatos
360 1250 560 1313 strangularent,
588 1251 630 1299 uel
667 1246 871 1310 quiro,quicum
884 1246 909 1294 in
922 1246 987 1306 aliis,
998 1253 1050 1294 tom
1062 1246 1088 1293 in
1104 1246 1198 1295 Corne·

96 1326 265 1389 alioqaodnm
278 1340 372 1388 genere
384 1325 475 1374 mortis
486 1324 629 1375 afficerent.
666 1323 706 1371 liis
726 1323 800 1371 nobis
827 1322 1008 1371 describendis
1031 1324 1107 1371 valde
1134 1324 1196 1372 anibi

97 1402 185 1452 lauch
235 1401 237 1405 '
378 1434 385 1441 -
657 1400 784 1476 ⁸videntur
799 1414 896 1448 errare.
919 1405 955 1460 et,
970 1405 999 1447 ut
1014 1399 1130 1447 omittam
1141 1400 1198 1448 Flo-

128 1477 170 1526 Ita
189 1479 229 1526 ille
246 1477 373 1542 patriciu]
390 1478 485 1528 Joven.
498 1478 584 1538 satyr.
602 1489 629 1524 x.
666 1489 730 1536 nrm,
751 1476 914 1539 Eutropium,
941 1475 1074 1535 Orosium,
1098 1474 1197 1524 Plinius

97 1554 105 1582 ‘
119 1554 203 1617 lgitur
213 1553 318 1604 fortuna
329 1555 408 1618 ipsius
418 1562 445 1603 et
459 1554 528 1602 urbis
538 1555 631 1602 Servs·
667 1559 737 1599 certe
760 1551 943 1615 antiquitatum
970 1557 1076 1599 auctore
1096 1559 1196 1600 cetero·

98 1636 153 1678 tum
175 1631 243 1678 victo
263 1637 344 1691 eaput
359 1630 476 1678 abstulit.
505 1629 631 1677 Hoccru·
668 1627 728 1691 quin
740 1627 820 1675 bonos
831 1628 1108 1690 etdiligeus,hncinre
1117 1641 1195 1693 qnam

100 1705 172 1754 cista
184 1704 318 1763 Lentulus,
333 1706 380 1753 hae
391 1719 467 1767 poena
478 1705 572 1761 caruit,
591 1718 633 1751 ee·
669 1703 778 1750 maxims
789 1703 1013 1765 lapsusvideture.
1022 1709 1046 1753 3.
1057 1706 1114 1756 libri
1124 1707 1195 1770 vige·

101 1779 219 1842 ciditque
243 1780 372 1840 Cethegus
393 1780 516 1841 Integer!
544 1779 634 1828 Solent
670 1779 734 1827 simi.
755 1779 845 1826 Streiu.

100 1855 217 1904 historici
254 1856 381 1903 elatorum
409 1855 521 1902 virorum
549 1854 634 1902 exitus
702 1855 809 1915 Dignum
828 1853 930 1902 mombas
943 1856 1059 1917 fisctisqus
1079 1857 1128 1906 suis
1145 1859 1195 1907 exi·

100 1932 175 1981 brevi
193 1931 279 1995 aliqua
290 1931 414 1990 clausula,
427 1937 546 1993 tanquam
561 1928 633 1977 lune·
668 1931 728 1979 tiam
745 1930 911 1991 sitoeiuseru't]
926 1931 969 1979 Sic
985 1937 1011 1979 et
1023 1932 1138 1981 volumen
1150 1935 1196 1986 Fas

99 2008 140 2057 bri
151 2008 233 2056 naenia
247 2006 376 2071 prosequi,
397 2007 424 2054 id
436 2006 538 2068 parcius
550 2021 565 2053 a
578 2005 632 2053 Sal·
670 2006 819 2067 briciauum,
830 2013 856 2054 et
866 2006 915 2054 alis
927 2006 986 2055 duo.
1008 2007 1040 2055 Ia
1053 2009 1197 2058 Mersebar·

100 2082 188 2139 lustin,
207 2081 287 2130 fusius
308 2097 323 2130 a
343 2082 415 2129 Livio
434 2079 581 2129 factitatum
593 2079 631 2127 in·
667 2083 738 2146 gensi
760 2096 822 2130 vero
838 2083 982 2146 ceterisque
1003 2085 1197 2146 vetustioribus,

98 2158 155 2205 nuit
166 2157 274 2218 {Seneca
296 2156 409 2205 suasoria
428 2168 465 2204 vs.
495 2157 502 2182 ‘
522 2155 629 2206 Quoties
666 2160 755 2207 exitum
763 2159 836 2214 sitae:
853 2161 980 2222 quomodo
991 2161 1088 2222 Livius,
1102 2161 1197 2213 ‘Quod

99 2233 184 2295 magui
192 2233 300 2295 alicujus
313 2246 379 2280 mors
388 2232 419 2280 ab
432 2232 558 2280 historicis
571 2246 629 2279 nar·
665 2248 740 2283 nemo
758 2249 846 2282 eorum
866 2236 927 2282 satis
946 2235 1050 2296 dignum
1063 2236 1197 2296 splendore
1219 2227 1222 2231 ’

98 2314 155 2356 rata
166 2315 215 2370 est,
224 2308 303 2357 toties
315 2306 369 2357 fere
382 2308 460 2356 totius
470 2321 629 2356 consumma·
666 2310 726 2358 uitae
746 2310 845 2358 exitum
865 2309 974 2358 habuit!
1006 2310 1067 2357 mihi
1078 2317 1136 2357 rutra
1146 2310 1199 2358 lec·

99 2384 137 2432 tio
154 2385 222 2446 sitae,
240 2389 268 2432 et
289 2383 360 2446 quasi
378 2382 493 2432 funebris
518 2383 631 2431 laudatio
668 2387 706 2434 tio
716 2386 812 2446 serior,
823 2386 891 2434 lraud
901 2385 962 2434 darn
972 2386 1063 2447 liquet.
1088 2384 1183 2434 Ricina.

100 2457 226 2508 redditur.
260 2457 318 2506 Hoc
333 2459 412 2505 semel
424 2464 500 2520 utque
512 2458 633 2506 iterumn
703 2461 870 2507 Exitumriloe
879 2462 980 2523 inserit]
997 2460 1082 2509 Tacit.
1102 2459 1198 2510 Annal.

99 2532 255 2596 Thucydide
266 2532 374 2593 factum,
386 2532 454 2580 idem
473 2533 496 2580 in
511 2532 634 2592 paucissi·
672 2549 690 2583 r.
724 2536 731 2561 ‘
743 2534 795 2582 Ubi
807 2534 905 2583 infelici
917 2536 1034 2598 dextera,
1045 2544 1072 2585 et
1083 2552 1128 2585 suo
1145 2537 1198 2586 ictu

100 2610 149 2659 mis
166 2609 284 2672 personis
299 2614 449 2670 usurpatum
468 2623 482 2655 u
504 2608 633 2668 Sallustio,
671 2618 779 2658 mortem
791 2609 936 2658 invenerit!
957 2611 1101 2660 ciacconius.

101 2685 191 2734 uvius
212 2684 348 2747 benignius
359 2683 475 2732 omnibus
490 2683 588 2745 magnis
599 2683 633 2730 vi·
704 2686 816 2733 Exilium
824 2685 881 2732 ciloe
889 2685 989 2748 inuenit]
1004 2687 1048 2734 Sic
1058 2685 1113 2734 fere
1122 2700 1196 2736 maun

100 2758 135 2808 ris
169 2760 302 2822 praestitit.
347 2760 487 2822 sequentes
517 2759 632 2807 historici
669 2759 809 2823 formisque
831 2761 919 2823 scripti
940 2761 1105 2825 antiquiores,
1125 2764 1197 2826 cujus

99 2835 181 2883 multo
200 2834 226 2881 id
248 2832 502 2882 effrosiusfeceruml
536 2835 631 2882 Sallus·
669 2836 1056 2899 locoobrepsitdeindeexilum
1071 2841 1136 2902 ritoe,
1152 2841 1198 2889 mi·

99 2909 150 2959 tius
160 2924 237 2972 supra
248 2926 254 2957 :
267 2913 274 2936 ‘
286 2909 329 2958 lta
338 2910 382 2958 ille
392 2910 509 2972 egregius
515 2909 630 2971 juvenis,
668 2920 809 2962 arescente:
821 2914 967 2962 consulatur
975 2915 1197 2980 Noniuslllareel-

100 2983 630 3046 inmoderatefortitudiotspoeuasdeoit.’
670 2991 717 3036 lus.
741 2989 868 3036 Gruterus.

101 3063 204 3113 Curtius
215 3065 233 3111 l.
246 3076 295 3112 var.
308 3062 340 3110 dc
351 3062 536 3110 Parmenione:
557 3062 565 3088 ‘
579 3060 630 3108 Hic
702 3064 769 3112 Car.
781 3067 813 3110 56
829 3065 899 3112 Duas
910 3062 1024 3123 legiones]
1041 3062 1108 3111 Vide
1120 3076 1200 3126 supra

103 3137 189 3185 exitus
198 3137 373 3185 Parmenionis
380 3137 544 3198 fuit,ntilitiu·
553 3136 632 3184 domi·
671 3154 694 3188 c.
706 3143 746 3186 33.

103 3226 153 3275 que
174 3212 237 3259 clari
261 3211 336 3270 viriq'
356 3218 383 3258 et
401 3213 418 3258 l.
432 3224 470 3260 rx.
486 3213 494 3237 ⁴
509 3211 560 3258 liic
581 3209 632 3258 luit
705 3213 826 3274 cobortes]
854 3215 888 3260 Et
910 3219 950 3261 est
973 3214 1073 3275 cohors,
1094 3219 1199 3264 auctore

101 3289 185 3338 exitus
193 3289 328 3336 clarissimi
338 3289 485 3348 Persarum,
492 3303 539 3336 nec
549 3289 632 3336 inson-
671 3289 857 3337 Varronelibro
866 3288 899 3337 de
907 3289 1005 3347 Lingua
1012 3289 1112 3350 Latina,
1121 3291 1198 3355 quod,

100 3363 135 3414 tis
151 3365 237 3419 modo,
250 3363 295 3412 sed
307 3364 407 3412 eximio
425 3364 588 3425 benignitatis
607 3364 631 3411 iu
671 3370 700 3411 ut
712 3365 736 3411 iu
750 3364 820 3424 villa,
832 3378 862 3412 ex
874 3363 987 3426 pluribus
1007 3365 1084 3413 tectis
1095 3367 1199 3429 conjun-

101 3439 205 3504 regern.'
223 3439 360 3488 Pulschias.
671 3440 746 3501 gitur,
766 3454 796 3487 uc
814 3440 934 3503 quiddam
952 3439 981 3489 fit
999 3455 1091 3489 sinum:
1110 3442 1146 3491 sic
1158 3443 1199 3492 his

133 3515 306 3576 Corneliorum]
325 3514 489 3578 Amplissima
509 3515 632 3562 omnium·
671 3530 703 3563 en
714 3516 848 3578 manipulis
868 3516 985 3577 pluribus
1002 3519 1140 3580 copulatur
1155 3534 1199 3568 co·

101 3607 150 3657 qne
161 3593 275 3655 gentium
288 3593 444 3640 nobilissima
461 3592 582 3639 Cornelia
599 3591 632 3639 ab
670 3592 737 3653 hors,
748 3606 805 3653 quae
826 3591 851 3638 in
872 3592 930 3639 villa
948 3593 1028 3651 dicta,
1044 3594 1112 3656 quod
1130 3595 1200 3643 circs

101 3668 212 3731 antiquis
234 3676 273 3716 est
292 3667 389 3728 habita,
410 3674 437 3714 et
455 3667 558 3729 quidem
572 3667 632 3728 jure
670 3681 727 3714 eum
747 3668 830 3714 loetum
857 3667 1009 3714 coercetur:
1037 3669 1139 3717 tametsi
1156 3684 1199 3717 co-

101 3756 132 3790 se
159 3743 265 3790 merito:
302 3745 355 3791 sive
384 3743 451 3790 enirn
479 3743 632 3802 dignitatern
669 3743 767 3790 hortem
785 3743 810 3790 iu
829 3742 888 3790 villa
907 3743 1057 3805 Hysicrates
1069 3745 1133 3792 dicit
1144 3758 1200 3792 esse

102 3824 206 3879 spectes
218 3816 381 3879 familiarum,
403 3819 456 3866 sive
477 3820 555 3866 etiam
568 3834 633 3880 prae·
670 3817 760 3866 Graece
770 3819 902 3866 cohortem
912 3819 979 3880 apud
993 3818 1199 3885 Poetasdictanr.

102 3892 207 3940 clarain
220 3906 298 3954 remp.
315 3895 414 3952 merita,
429 3909 566 3956 rerumque
577 3909 633 3955 ges·
669 3894 759 3942 lauch.
792 3895 858 3942 Vide
869 3894 937 3943 iufra
949 3911 971 3944 c.
983 3900 1023 3944 ou.
1100 3894 1103 3900 ’

102 3974 186 4016 tarum
198 3968 399 4030 magnitudinem
415 3970 570 4029 consideres,
581 3985 633 4017 orn-
704 3971 752 4017 Pro
770 3984 865 4017 nurnero
886 3970 999 4030 militum]
1033 3969 1200 4026 Utroquoeque

101 4057 146 4091 nes
164 4049 236 4091 certe
258 4043 368 4090 omniurn
385 4045 498 4107 gentium
517 4047 635 4108 virtutes,
670 4046 760 4094 cohors
770 4046 925 4109 quingentos
936 4035 1201 4108 quinquagintaquin·

104 4119 307 4179 praeclarissimae
319 4120 391 4184 hujus
404 4122 486 4182 gentis
495 4121 633 4185 splendore
670 4137 719 4186 qpe
729 4122 847 4170 continet
856 4121 966 4181 pedites,
976 4116 1076 4177 equites
1084 4111 1201 4173 sexagin-

105 4193 234 4245 intereunt
245 4204 273 4246 et
281 4196 459 4249 obscurantur.
474 4196 515 4249 Ac
533 4199 567 4249 de
583 4197 633 4247 ori·
671 4202 764 4259 tosex,
774 4199 886 4255 exceptu
902 4192 994 4254 prims,
1010 4200 1069 4250 quse
1088 4184 1200 4251 reliquas
